
@inproceedings{mhaskar2017and,
  title={When and Why are Deep Networks Better than Shallow Ones?},
  author={Mhaskar, Hrushikesh and Liao, Qianli and Poggio, Tomaso A},
  booktitle={Proceedings of the 31st AAAI Conference on Artificial Intelligence},
  year={2017}
}

@inproceedings{szegedy2017inception,
  title={Inception-v4, Inception-ResNet and the Impact of Residual Connections on Learning},
  author={Szegedy, Christian and Ioffe, Sergey and Vanhoucke, Vincent and Alemi, Alexander A.},
  booktitle={Proceedings of the 31st AAAI Conference on Artificial Intelligence},
  year={2017}
}

@inproceedings{ross2018improving,
  title={Improving the Adversarial Robustness and Interpretability of Deep Neural Networks by Regularizing their Input Gradients},
  author={Ross, Andrew Slavin and Doshi-Velez, Finale},
  booktitle={Proceedings of the 32nd AAAI Conference on Artificial Intelligence},
  year={2018}
}

@inproceedings{chen2018ead,
  title={EAD: Elastic-Net Attacks to Deep Neural Networks via Adversarial Examples},
  author={Chen, Pin-Yu and Sharma, Yash and Zhang, Huan and Yi, Jinfeng and Hsieh, Cho-Jui},
  booktitle={Proceedings of the 32nd AAAI Conference on Artificial Intelligence},
  year={2018}
}

@inproceedings{real2019regularized,
  title={Regularized Evolution for Image Classifier Architecture Search},
  author={Real, Esteban and Aggarwal, Alok and Huang, Yanping and Le, Quoc V},
  booktitle={Proceedings of the 33rd AAAI Conference on Artificial Intelligence},
  year={2019}
}

@inproceedings{liao2019circconv,
  title={CircConv: A Structured Convolution with Low Complexity},
  author={Liao, Siyu and Yuan, Bo},
  booktitle={Proceedings of the 33rd AAAI Conference on Artificial Intelligence},
  year={2019}
}

@inproceedings{pan2019compressing,
  title={Compressing recurrent neural networks with tensor ring for action recognition},
  author={Pan, Yu and Xu, Jing and Wang, Maolin and Ye, Jinmian and Wang, Fei and Bai, Kun and Xu, Zenglin},
  booktitle={Proceedings of the 33rd AAAI Conference on Artificial Intelligence},
  year={2019}
}

@article{goodman2001bit,
  title={A Bit of Progress in Language Modeling},
  author={Goodman, Joshua},
  journal={arXiv preprint arXiv:cs/0108005},
  year={2001}
}

@article{vapnik1991necessary,
  title={The Necessary and Sufficient Conditions for Consistency in the Empirical Risk Minimization Method},
  author={V. Vapnik and A. J. Chervonenkis},
  year={1991}
}

@article{saxe2013exact,
  title={Exact Solutions to the Nonlinear Dynamics of Learning in Deep Linear Neural Networks},
  author={Saxe, Andrew M and McClelland, James L and Ganguli, Surya},
  journal={arXiv preprint arXiv:1312.6120},
  year={2013}
}

@article{mathieu2014fast,
  title={Fast approximation of rotations and hessians matrices},
  author={Mathieu, Michael and LeCun, Yann},
  journal={arXiv preprint arXiv:1404.7195},
  year={2014}
}

@article{collins2014memory,
  title={Memory Bounded Deep Convolutional Networks},
  author={Maxwell D. Collins and Pushmeet Kohli},
  volume={arXiv preprint arXiv:1412.1442},
  year={2014}
}

@article{simonyan2014very,
  title={Very Deep Convolutional Networks for Large-Scale Image Recognition},
  author={Simonyan, Karen and Zisserman, Andrew},
  journal={arXiv preprint arXiv:1409.1556},
  year={2014}
}

@article{telgarsky2015representation,
  title={Representation Benefits of Deep Feedforward Networks},
  author={Telgarsky, Matus},
  journal={arXiv preprint arXiv:1509.08101},
  year={2015}
}

@article{hermans2015towards,
  title={Towards trainable media: Using waves for neural network-style training},
  author={Hermans, Michiel and Van Vaerenbergh, Thomas},
  journal={arXiv preprint arXiv:1510.03776},
  year={2015}
}

@article{mishkin2015all,
  title={All You Need is a Good Init},
  author={Mishkin, Dmytro and Matas, Jiri},
  journal={arXiv preprint arXiv:1511.06422},
  year={2015}
}

@article{yu2015compact,
  title={Compact Nonlinear Maps and Circulant Extensions},
  author={Yu, Felix X and Kumar, Sanjiv and Rowley, Henry and Chang, Shih-Fu},
  journal={arXiv preprint arXiv:1503.03893},
  year={2015}
}

@article{dumoulin2016guide,
  title={A Guide to Convolution Arithmetic for Deep Learning},
  author={Dumoulin, Vincent and Visin, Francesco},
  journal={arXiv preprint arXiv:1603.07285},
  year={2016}
}

@article{raghu2016expressive,
  title={On the Expressive Power of Deep Neural Networks},
  author={Raghu, Maithra and Poole, Ben and Kleinberg, Jon and Ganguli, Surya and Sohl-Dickstein, Jascha},
  journal={arXiv preprint arXiv:1606.05336},
  year={2016}
}

@article{kurakin2016adversarial,
  title={Adversarial Examples in the Physical World},
  author={Kurakin, Alexey and Goodfellow, Ian and Bengio, Samy},
  journal={arXiv preprint arXiv:1607.02533},
  year={2016}
}

@article{wu2016google,
  title={Google's Neural Machine Translation System: Bridging the Gap Between Human and Machine Translation},
  author={Wu, Yonghui and Schuster, Mike and Chen, Zhifeng and Le, Quoc V and Norouzi, Mohammad and Macherey, Wolfgang and Krikun, Maxim and Cao, Yuan and Gao, Qin and Macherey, Klaus and others},
  journal={arXiv preprint arXiv:1609.08144},
  year={2016}
}

@article{abu2016youtube,
  title={YouTube-8M: A Large-Scale Video Classification Benchmark},
  author={Sami Abu-El-Haija and Nisarg Kothari and Joonseok Lee and Apostol Natsev and George Toderici and Balakrishnan Varadarajan and Sudheendra Vijayanarasimhan},
  journal={arXiv preprint arXiv:1609.08675},
  year={2016}
}

@article{iandola2016squeezenet,
  title={SqueezeNet: AlexNet-level Accuracy with 50x Fewer Parameters and< 0.5 MB Model Size},
  author={Iandola, Forrest N and Han, Song and Moskewicz, Matthew W and Ashraf, Khalid and Dally, William J and Keutzer, Kurt},
  journal={arXiv preprint arXiv:1602.07360},
  year={2016}
}

@article{forrest2016squeezenet,
  title={SqueezeNet: AlexNet-level accuracy with 50x fewer parameters and {\textless}1MB model size},
  author={Forrest N. Iandola and Matthew W. Moskewicz and Khalid Ashraf and Song Han and William J. Dally and Kurt Keutzer},
  volume={arXiv preprint arXiv:1602.07360},
  year={2016}
}
@article{appuswamy2016structured,
  title={Structured convolution matrices for energy-efficient deep learning},
  author={Appuswamy, Rathinakumar and Nayak, Tapan and Arthur, John and Esser, Steven and Merolla, Paul and Mckinstry, Jeffrey and Melano, Timothy and Flickner, Myron and Modha, Dharmendra},
  journal={arXiv preprint arXiv:1606.02407},
  year={2016}
}

@article{garipov16ttconv,
  title={Ultimate Tensorization: Compressing Convolutional and {FC} Layers Alike},
  author={Garipov, Timur and Podoprikhin, Dmitry and Novikov, Alexander and Vetrov, Dmitry},
  journal={arXiv preprint arXiv:1611.03214},
  year={2016}
}

@article{hanin2017universal,
  author={Hanin, B.},
  title={Universal Function Approximation by Deep Neural Nets with Bounded Width and ReLU Activations},
  journal={arXiv preprint arXiv:1708.02691},
  year={2017},
}

@article{skalic2017deep,
  title={Deep Learning Methods for Efficient Large Scale Video Labeling},
  author={Skalic, Miha and Pekalski, Marcin and Pan, Xingguo E},
  journal={arXiv preprint arXiv:1706.04572},
  year={2017}
}

@article{mellempudi2017ternary,
  title={Ternary Neural Networks with Fine-Grained Quantization},
  author={Naveen Mellempudi and Abhisek Kundu and Dheevatsa Mudigere and Dipankar Das and Bharat Kaul and Pradeep Dubey},
  journal={CoRR},
  volume={arXiv preprint arXiv:1705.01462},
  year={2017}
}

@article{sinha2017certifying,
  title={Certifying Some Distributional Robustness with Principled Adversarial Training},
  author={Aman Sinha and Hongseok Namkoong and Riccardo Volpi and John Duchi},
  journal={arXiv preprint arXiv:1710.10571},
  year={2017}
}

@article{hestness2017deep,
  title={Deep Learning Scaling is Predictable, Empirically},
  author={Hestness, Joel and Narang, Sharan and Ardalani, Newsha and Diamos, Gregory and Jun, Heewoo and Kianinejad, Hassan and Patwary, Md and Ali, Mostofa and Yang, Yang and Zhou, Yanqi},
  journal={arXiv preprint arXiv:1712.00409},
  year={2017}
}

@article{howard2017mobilenets,
  title={Mobilenets: Efficient convolutional neural networks for mobile vision applications},
  author={Howard, Andrew G and Zhu, Menglong and Chen, Bo and Kalenichenko, Dmitry and Wang, Weijun and Weyand, Tobias and Andreetto, Marco and Adam, Hartwig},
  journal={arXiv preprint arXiv:1704.04861},
  year={2017}
}

@article{athalye2017synthesizing,
  title={Synthesizing Robust Adversarial Examples},
  author={Athalye, Anish and Engstrom, Logan and Ilyas, Andrew and Kwok, Kevin},
  journal={arXiv preprint arXiv:1707.07397},
  year={2017}
}

@article{perez2017effectiveness,
  title={The Effectiveness of Data Augmentation in Image Classification using Deep Learning},
  author={Perez, Luis and Wang, Jason},
  journal={arXiv preprint arXiv:1712.04621},
  year={2017}
}

@article{balan2017lipschitz,
  title={Lipschitz Properties for Deep Convolutional Networks},
  author={Balan, Radu and Singh, Maneesh and Zou, Dongmian},
  journal={arXiv preprint arXiv:1701.05217},
  year={2017}
}

@article{yoshida2017spectral,
  title={Spectral Norm Regularization for Improving the Generalizability of Deep Learning},
  author={Yoshida, Yuichi and Miyato, Takeru},
  journal={arXiv preprint arXiv:1705.10941},
  year={2017}
}

@article{li2017temporal,
  title={Temporal Modeling Approaches for Large-scale Youtube-8M Video Understanding},
  author={Fu Li and Chuang Gan and Xiao Liu and Yunlong Bian and Xiang Long and Yandong Li and Zhichao Li and Jie Zhou and Shilei Wen},
  journal={CoRR},
  volume={arXiv preprint arXiv:1707.04555},
  year={2017}
}

@article{wang2017monkeytyping,
  title={The Monkeytyping Solution to the YouTube-8M Video Understanding Challenge},
  author={He-Da Wang and Teng Zhang and Ji Wu},
  volume={arXiv preprint arXiv:1706.05150},
  year={2017}
}

@article{ding2018universal,
  title={On the Universal Approximability of Quantized ReLU Neural Networks},
  author={Yukun Ding and Jinglan Liu and Yiyu Shi},
  volume={arXiv preprint arXiv:1802.03646},
  year={2018},
}

@article{perekrestenko2018universal,
  title={The Universal Approximation Power of Finite-Width Deep ReLU Networks},
  author={Perekrestenko, Dmytro and Grohs, Philipp and Elbr{\"a}chter, Dennis and B{\"o}lcskei, Helmut},
  journal={arXiv preprint arXiv:1806.01528},
  year={2018}
}

@article{rakin2018parametric,
  title={Parametric Noise Injection: Trainable Randomness to Improve Deep Neural Network Robustness against Adversarial Attack},
  author={Rakin, Adnan Siraj and He, Zhezhi and Fan, Deliang},
  journal={arXiv preprint arXiv:1811.09310},
  year={2018}
}

@article{simon2018adversarial,
  title={Adversarial Vulnerability of Neural Networks Increases With Input Dimension},
  author={Simon-Gabriel, Carl-Johann and Ollivier, Yann and Sch{\"o}lkopf, Bernhard and Bottou, L{\'e}on and Lopez-Paz, David},
  journal={arXiv preprint arXiv:1802.01421},
  year={2018}
}

@article{li2018second,
  author={Bai Li and Changyou Chen and Wenlin Wang and Lawrence Carin},
  title={Second-Order Adversarial Attack and Certifiable Robustness},
  journal={arXiv preprint arXiv:1809.03113},
  year={2018},
}

@article{gouk2018regularisation,
  title={Regularisation of Neural Networks by Enforcing Lipschitz Continuity},
  author={Gouk, Henry and Frank, Eibe and Pfahringer, Bernhard and Cree, Michael},
  journal={arXiv preprint arXiv:1804.04368},
  year={2018}
}

@article{finlay2018lipschitz,
  title={Lipschitz Regularized Deep Neural Networks Generalize and are Adversarially Robust},
  author={Finlay, Chris and Calder, Jeff and Abbasi, Bilal and Oberman, Adam},
  journal={arXiv preprint arXiv:1808.09540},
  year={2018}
}

@article{pfister2018bounding,
  title={Bounding Multivariate Trigonometric Polynomials with Applications to Filter Bank Design},
  author={Pfister, Luke and Bresler, Yoram},
  journal={arXiv preprint arXiv:1802.09588},
  year={2018}
}

@article{li2018tighter,
  title={On Tighter Generalization Bound for Deep Neural Networks: CNNs, ResNets, and Beyond},
  author={Li, Xingguo and Lu, Junwei and Wang, Zhaoran and Haupt, Jarvis and Zhao, Tuo},
  journal={arXiv preprint arXiv:1806.05159},
  year={2018}
}

@article{zou2018lipschitz,
  title={On Lipschitz Bounds of General Convolutional Neural Networks},
  author={Zou, Dongmian and Balan, Radu and Singh, Maneesh},
  journal={arXiv preprint arXiv:1808.01415},
  year={2018}
}

@article{fazlyab2019safety,
  title={Safety Verification and Robustness Analysis of Neural Networks via Quadratic Constraints and Semidefinite Programming},
  author={Fazlyab, Mahyar and Morari, Manfred and Pappas, George J},
  journal={arXiv preprint arXiv:1903.01287},
  year={2019}
}

@article{zhang2019theoretically,
  title={Theoretically Principled Trade-Off Between Robustness and Accuracy},
  author={Zhang, Hongyang and Yu, Yaodong and Jiao, Jiantao and Xing, Eric P and Ghaoui, Laurent El and Jordan, Michael I},
  journal={arXiv preprint arXiv:1901.08573},
  year={2019}
}

@article{couellan2019coupling,
  title={The Coupling Effect of Lipschitz Regularization in Deep Neural Networks},
  author={Couellan, Nicolas},
  journal={arXiv preprint arXiv:1904.06253},
  year={2019}
}

@article{singla2019bounding,
  title={Bounding Singular Values of Convolution Layers},
  author={Singla, Sahil and Feizi, Soheil},
  journal={arXiv preprint arXiv:1911.10258},
  year={2019}
}

@article{carlini2019evaluating,
  title={On Evaluating Adversarial Robustness},
  author={Carlini~, Nicholas and Athalye, Anish and Papernot, Nicolas and Brendel, Wieland and Rauber, Jonas and Tsipras, Dimitris and Goodfellow, Ian and Madry, Aleksander},
  journal={arXiv preprint arXiv:1902.06705},
  year={2019}
}

@article{shoeybi2019megatron,
  title={Megatron-lm: Training Multi-Billion Parameter Language Models using GPU Model Parallelism},
  author={Shoeybi, Mohammad and Patwary, Mostofa and Puri, Raul and LeGresley, Patrick and Casper, Jared and Catanzaro, Bryan},
  journal={arXiv preprint arXiv:1909.08053},
  year={2019}
}

@article{liu2019roberta,
  title={Roberta: A Robustly Optimized BERT Pretraining Approach},
  author={Liu, Yinhan and Ott, Myle and Goyal, Naman and Du, Jingfei and Joshi, Mandar and Chen, Danqi and Levy, Omer and Lewis, Mike and Zettlemoyer, Luke and Stoyanov, Veselin},
  journal={arXiv preprint arXiv:1907.11692},
  year={2019}
}

@article{combettes2019lipschitz,
  title={Lipschitz certificates for neural network structures driven by averaged activation operators},
  author={Combettes, Patrick L and Pesquet, Jean-Christophe},
  journal={arXiv preprint arXiv:1903.01014},
  year={2019}
}

@article{kumar2020curse,
  title={Curse of Dimensionality on Randomized Smoothing for Certifiable Robustness},
  author={Kumar, Aounon and Levine, Alexander and Goldstein, Tom and Feizi, Soheil},
  journal={arXiv preprint arXiv:2002.03239},
  year={2020}
}

@article{cranko2020certifying,
  title={Certifying Distributional Robustness using Lipschitz Regularisation},
  author={Zac Cranko and Zhan Shi and Xinhua Zhang and Simon Kornblith and Richard Nock},
  year={2020},
}

@article{kaplan2020scaling,
  title={Scaling Laws for Neural Language Models},
  author={Kaplan, Jared and McCandlish, Sam and Henighan, Tom and Brown, Tom B and Chess, Benjamin and Child, Rewon and Gray, Scott and Radford, Alec and Wu, Jeffrey and Amodei, Dario},
  journal={arXiv preprint arXiv:2001.08361},
  year={2020}
}

@article{yi2020asymptotic,
  title={Asymptotic Singular Value Distribution of Linear Convolutional Layers},
  author={Yi, Xinping},
  journal={arXiv preprint arXiv:2006.07117},
  year={2020}
}

@article{fedus2021switch,
  title={Switch Transformers: Scaling to Trillion Parameter Models with Simple and Efficient Sparsity},
  author={Fedus, William and Zoph, Barret and Shazeer, Noam},
  journal={arXiv preprint arXiv:2101.03961},
  year={2021}
}


@inproceedings{perronnin2007fisher,
  title={Fisher Kernels on Visual Vocabularies for Image Categorization}, 
  author={F. Perronnin and C. Dance}, 
  booktitle={Proceedings of the IEEE Conference on Computer Vision and Pattern Recognition (CVPR)},
  year={2007}
}

@inproceedings{deng2009imagenet,
  title={Imagenet: A Large-Scale Hierarchical Image Database},
  author={Deng~, Jia and Dong, Wei and Socher, Richard and Li, Li-Jia and Li, Kai and Fei-Fei, Li},
  booktitle={Proceedings of the IEEE Conference on Computer Vision and Pattern Recognition (CVPR)},
  year={2009}
}

@inproceedings{jegou2010aggregating,
  title={Aggregating Local Descriptors into a Compact Image Representation},
  author={J{\'e}gou, Herv{\'e} and Douze, Matthijs and Schmid, Cordelia and P{\'e}rez, Patrick},
  booktitle={Proceedings of the IEEE Conference on Computer Vision and Pattern Recognition (CVPR)},
  year={2010}
}

@inproceedings{karpathy2014large,
  title={Large-Scale Video Classification with Convolutional Neural Networks},
  author={Karpathy, Andrej and Toderici, George and Shetty, Sanketh and Leung, Thomas and Sukthankar, Rahul and Fei-Fei, Li},
  booktitle={Proceedings of the IEEE Conference on Computer Vision and Pattern Recognition (CVPR)},
  year={2014}
}

@inproceedings{yue2015beyond,
  title={Beyond Short Snippets: Deep Networks for Video Classification},
  author={Yue-Hei Ng, Joe and Hausknecht, Matthew and Vijayanarasimhan, Sudheendra and Vinyals, Oriol and Monga, Rajat and Toderici, George},
  booktitle={Proceedings of the IEEE Conference on Computer Vision and Pattern Recognition (CVPR)},
  year={2015}
}

@inproceedings{liu2015sparse,
  title={Sparse Convolutional Neural Networks}, 
  author={Baoyuan Liu and Min Wang and H. Foroosh and M. Tappen and M. Penksy}, 
  booktitle={Proceedings of the IEEE Conference on Computer Vision and Pattern Recognition (CVPR)},
  year={2015}
}

@inproceedings{szegedy2015going,
  title={Going Deeper with Convolutions},
  author={Szegedy, Christian and Liu, Wei and Jia, Yangqing and Sermanet, Pierre and Reed, Scott and Anguelov, Dragomir and Erhan, Dumitru and Vanhoucke, Vincent and Rabinovich, Andrew},
  booktitle={Proceedings of the IEEE Conference on Computer Vision and Pattern Recognition (CVPR)},
  year={2015}
}

@inproceedings{moosavi2016deepfool,
  title={Deepfool: A Simple and Accurate Method to Fool Deep Neural Networks},
  author={Moosavi-Dezfooli, Seyed-Mohsen and Fawzi, Alhussein and Frossard, Pascal},
  booktitle={Proceedings of the IEEE Conference on Computer Vision and Pattern Recognition (CVPR)},
  year={2016}
}

@inproceedings{arandjelovic2016netvlad,
  title={NetVLAD: CNN architecture for weakly supervised place recognition},
  author={Arandjelovi\'c, R. and Gronat, P. and Torii, A. and Pajdla, T. and Sivic, J.},
  booktitle={Proceedings of the IEEE Conference on Computer Vision and Pattern Recognition (CVPR)},
  year={2016}
}

@inproceedings{redmon2016you,
  title={You Only Look Once: Unified, Real-Time Object Detection},
  author={Redmon~, Joseph and Divvala, Santosh and Girshick, Ross and Farhadi, Ali},
  booktitle={Proceedings of the IEEE Conference on Computer Vision and Pattern Recognition (CVPR)},
  year={2016}
}

@inproceedings{he2016deep,
  title={Deep Residual Learning for Image Recognition},
  author={He, Kaiming and Zhang, Xiangyu and Ren, Shaoqing and Sun, Jian},
  booktitle={Proceedings of the IEEE Conference on Computer Vision and Pattern Recognition (CVPR)},
  year={2016}
}

@inproceedings{szegedy2016rethinking,
  title={Rethinking the Inception Architecture for Computer Vision},
  author={Szegedy, Christian and Vanhoucke, Vincent and Ioffe, Sergey and Shlens, Jon and Wojna, Zbigniew},
  booktitle={Proceedings of the IEEE Conference on Computer Vision and Pattern Recognition (CVPR)},
  year={2016}
}

@inproceedings{yu2017compressing,
  title={On Compressing Deep Models by Low Rank and Sparse Decomposition}, 
  author={X. Yu and T. Liu and X. Wang and D. Tao}, 
  booktitle={Proceedings of the IEEE Conference on Computer Vision and Pattern Recognition (CVPR)},
  year={2017}
}

@inproceedings{redmon2017yolo9000,
  title={YOLO9000: Better, Faster, Stronger},
  author={Redmon, Joseph and Farhadi, Ali},
  booktitle={Proceedings of the IEEE Conference on Computer Vision and Pattern Recognition (CVPR)},
  year={2017}
}

@inproceedings{moosavi2017universal,
  title={Universal Adversarial Perturbations},
  author={Moosavi-Dezfooli, Seyed-Mohsen and Fawzi, Alhussein and Fawzi, Omar and Frossard, Pascal},
  booktitle={Proceedings of the IEEE Conference on Computer Vision and Pattern Recognition (CVPR)},
  year={2017}
}

@inproceedings{jia2017improving,
  title={Improving Training of Deep Neural Networks via Singular Value Bounding},
  author={Jia, Kui and Tao, Dacheng and Gao, Shenghua and Xu, Xiangmin},
  booktitle={Proceedings of the IEEE Conference on Computer Vision and Pattern Recognition (CVPR)},
  year={2017}
}

@inproceedings{huang2017densely,
  title={Densely Connected Convolutional Networks},
  author={Huang, Gao and Liu, Zhuang and Van Der Maaten, Laurens and Weinberger, Kilian Q},
  booktitle={Proceedings of the IEEE Conference on Computer Vision and Pattern Recognition (CVPR)},
  year={2017}
}

@inproceedings{dong2017more,
  title={More is Less: A More Complicated Network with Less Inference Complexity},
  author={Dong, Xuanyi and Huang, Junshi and Yang, Yi and Yan, Shuicheng},
  booktitle={Proceedings of the IEEE Conference on Computer Vision and Pattern Recognition (CVPR)},
  year={2017}
}

@inproceedings{xie2017aggregated,
  title={Aggregated residual transformations for deep neural networks},
  author={Xie, Saining and Girshick, Ross and Doll{\'a}r, Piotr and Tu, Zhuowen and He, Kaiming},
  booktitle={Proceedings of the IEEE Conference on Computer Vision and Pattern Recognition (CVPR)},
  year={2017}
}

@article{miech2017learnable,
  title={Learnable Pooling with Context Gating for Video Classification},
  author={Miech, Antoine and Laptev, Ivan and Sivic, Josef},
  booktitle={Conference on Computer Vision and Pattern Recognition (CVPR) -- Workshop on YouTube-8M Large-Scale Video Understanding},
  year={2017}
}

@inproceedings{fawzi2018empirical,
  title={Empirical Study of the Topology and Geometry of Deep Networks},
  author={Fawzi, Alhussein and Moosavi-Dezfooli, Seyed-Mohsen and Frossard, Pascal and Soatto, Stefano},
  booktitle={Proceedings of the IEEE Conference on Computer Vision and Pattern Recognition (CVPR)},
  year={2018}
}

@inproceedings{sandler2018mobilenetv2,
  title={Mobilenetv2: Inverted Residuals and Linear Bottlenecks},
  author={Sandler, Mark and Howard, Andrew and Zhu, Menglong and Zhmoginov, Andrey and Chen, Liang-Chieh},
  booktitle={Proceedings of the IEEE Conference on Computer Vision and Pattern Recognition (CVPR)},
  year={2018}
}

@inproceedings{hu2018squeeze,
  title={Squeeze-and-excitation networks},
  author={Hu, Jie and Shen, Li and Sun, Gang},
  booktitle={Proceedings of the IEEE Conference on Computer Vision and Pattern Recognition (CVPR)},
  year={2018}
}

@inproceedings{zoph2018learning,
  title={Learning transferable architectures for scalable image recognition},
  author={Zoph, Barret and Vasudevan, Vijay and Shlens, Jonathon and Le, Quoc V},
  booktitle={Proceedings of the IEEE Conference on Computer Vision and Pattern Recognition (CVPR)},
  year={2018}
}

@inproceedings{tan2019mnasnet,
  title={Mnasnet: Platform-aware neural architecture search for mobile},
  author={Tan, Mingxing and Chen, Bo and Pang, Ruoming and Vasudevan, Vijay and Sandler, Mark and Howard, Andrew and Le, Quoc V},
  booktitle={Proceedings of the IEEE Conference on Computer Vision and Pattern Recognition (CVPR)},
  year={2019}
}

@inproceedings{wang2020orthogonal,
  title={Orthogonal Convolutional Neural Networks},
  author={Wang, Jiayun and Chen, Yubei and Chakraborty, Rudrasis and Yu, Stella X.},
  booktitle={Proceedings of the IEEE Conference on Computer Vision and Pattern Recognition (CVPR)},
  year = {2020}
}

@inproceedings{huang2020controllable,
  title={Controllable Orthogonalization in Training DNNs},
  author={Huang, Lei and Liu, Li and Zhu, Fan and Wan, Diwen and Yuan, Zehuan and Li, Bo and Shao, Ling},
  booktitle={Proceedings of the IEEE Conference on Computer Vision and Pattern Recognition (CVPR)},
  year={2020}
}




@inproceedings{rastegariECCV16,
  author={Mohammad Rastegari and Vicente Ordonez and Joseph Redmon and Ali Farhadi},
  title={XNOR-Net: ImageNet Classification Using Binary Convolutional Neural Networks},
  booktitle={European Conference on Computer Vision},
  organization={Springer},
  year={2016}
}

@inproceedings{liu2016ssd,
  title={SSD: Single Shot MultiBox Detector},
  author={Liu, Wei and Anguelov, Dragomir and Erhan, Dumitru and Szegedy, Christian and Reed, Scott and Fu, Cheng-Yang and Berg, Alexander C.},
  booktitle={European Conference on Computer Vision},
  organization={Springer},
  year={2016}
}

@inproceedings{chong18eccv,
  author={Li, Chong and Shi, C. J. Richard},
  title={Constrained Optimization Based Low-Rank Approximation of Deep Neural Networks},
  booktitle={European Conference on Computer Vision},
  organization={Springer},
  year={2018}
}

@inproceedings{xuanqing2018towards,
  title={Towards robust neural networks via random self-ensemble},
  author={Liu, Xuanqing and Cheng, Minhao and Zhang, Huan and Hsieh, Cho-Jui},
  booktitle={European Conference on Computer Vision},
  organization={Springer},
  year={2018}
}

@inproceedings{huang2016deep,
  title={Deep Networks with Stochastic Depth},
  author={Huang, Gao and Sun, Yu and Liu, Zhuang and Sedra, Daniel and Weinberger, Kilian Q},
  booktitle={European Conference on Computer Vision},
  organization={Springer},
  year={2016},
}

@inproceedings{henriques2012exploiting,
  title={Exploiting the Circulant Structure of Tracking-by-Detection with Kernels},
  author={Henriques, Jo{\~a}o F and Caseiro, Rui and Martins, Pedro and Batista, Jorge},
  booktitle={European Conference on Computer Vision},
  organization={Springer},
  year={2012}
}

@inproceedings{lee20182nd,
  title={The 2nd youtube-8m large-scale video understanding challenge},
  author={Lee, Joonseok and Reade, Walter and Sukthankar, Rahul and Toderici, George and others},
  booktitle={Proceedings of the European Conference on Computer Vision (ECCV) Workshops},
  year={2018}
}


@inproceedings{yang2015deep,
  title={Deep Fried Convnets},
  author={Z. Yang and M. Moczulski and M. Denil and N. d. Freitas and A. Smola and L. Song and Z. Wang},
  booktitle={IEEE International Conference on Computer Vision \emph{(ICCV)}},
  year={2015}
}

@inproceedings{cheng2015exploration, 
  title={An Exploration of Parameter Redundancy in Deep Networks with Circulant Projections}, 
  author={Y. Cheng and F. X. Yu and R. S. Feris and S. Kumar and A. Choudhary and S. F. Chang}, 
  booktitle={IEEE International Conference on Computer Vision \emph{(ICCV)}},
  year={2015}
}

@inproceedings{he2015delving,
  title={Delving Deep into Rectifiers: Surpassing Human-Level Performance on ImageNet Classification}, 
  author={K. He and X. Zhang and S. Ren and J. Sun},
  booktitle={IEEE International Conference on Computer Vision \emph{(ICCV)}},
  year={2015}
}

@inproceedings{henriques2013beyond,
  title={Beyond Hard Negative Mining: Efficient Detector Learning via Block-Circulant Decomposition},
  author={Henriques, Joao F. and Carreira, Joao and Caseiro, Rui and Batista, Jorge},
  booktitle={IEEE International Conference on Computer Vision \emph{(ICCV)}},
  year = {2013}
}

@inproceedings{saxe2014exact,
  title={Exact solutions to the nonlinear dynamics of learning in deep linear neural networks},
  author={Andrew Saxe and James L. McClelland and Surya Ganguli},
  booktitle={International Conference on Learning Representations (ICLR)},
  year={2014}
}

@inproceedings{szegedy2013intriguing,
  title={Intriguing properties of neural networks},
  author={Szegedy, Christian and Zaremba, Wojciech and Sutskever, Ilya and Bruna, Joan and Erhan, Dumitru and Goodfellow, Ian and Fergus, Rob},
  booktitle={International Conference on Learning Representations (ICLR)},
  year={2014}
}

@inproceedings{goodfellow2014explaining,
  title={Explaining and Harnessing Adversarial Examples},
  author ={Ian Goodfellow and Jonathon Shlens and Christian Szegedy},
  booktitle={International Conference on Learning Representations (ICLR)},
  year={2015}
}

@inproceedings{bahdanau2015neural,
  title={Neural machine translation by jointly learning to align and translate},
  author ={Dzmitry Bahdanau and Kyunghyun Cho and Yoshua Bengio},
  booktitle={International Conference on Learning Representations (ICLR)},
  year={2015}
}

@inproceedings{urban2016deep,
  title={Do Deep Convolutional Nets Really Need to be Deep (Or Even Convolutional)?},
  author ={Gregor Urban and Krzysztof J. Geras and Samira Ebrahimi Kahou and Ozlem Aslan Shengjie Wang and Rich Caruana and Abdelrahman Mohamed and Matthai Philipose and Matt Richardson},
  booktitle={International Conference on Learning Representations (ICLR) Workshop},
  year={2016}
}

@inproceedings{moczulski2016acdc,
  title={ACDC: A Structured Efficient Linear Layer},
  author={Moczulski, Marcin and Denil, Misha and Appleyard, Jeremy and de Freitas, Nando},
  booktitle={International Conference on Learning Representations (ICLR)},
  year={2016}
}

@inproceedings{han2015deep,
  title={Deep Compression: Compressing Deep Neural Networks with Pruning, Trained Quantization and Huffman Coding},
  author={Han, Song and Mao, Huizi and Dally, William J},
  booktitle={International Conference on Learning Representations (ICLR)},
  year={2016}
}

@inproceedings{merity2016pointer,
  title={Pointer Sentinel Mixture Models},
  author={Merity, Stephen and Xiong, Caiming and Bradbury, James and Socher, Richard},
  booktitle={International Conference on Learning Representations (ICLR)},
  year={2016}
}

@inproceedings{zhang2016understanding,
  title={Understanding Deep Learning Requires Rethinking Generalization},
  author={Zhang, Chiyuan and Bengio, Samy and Hardt, Moritz and Recht, Benjamin and Vinyals, Oriol},
  booktitle={International Conference on Learning Representations (ICLR)},
  year={2017}
}

@inproceedings{arjovsky2017wasserstein,
  title={{W}asserstein Generative Adversarial Networks},
  author={Martin Arjovsky and Soumith Chintala and L{\'e}on Bottou},
  booktitle={International Conference on Learning Representations (ICLR)},
  year={2017},
}

@inproceedings{miyato2018spectral,
  title={Spectral Normalization for Generative Adversarial Networks},
  author={Takeru Miyato and Toshiki Kataoka and Masanori Koyama and Yuichi Yoshida},
  booktitle={International Conference on Learning Representations (ICLR)},
  year={2018},
}

@inproceedings{arora2018understanding,
  title={Understanding Deep Neural Networks with Rectified Linear Units},
  author={Raman Arora and Amitabh Basu and Poorya Mianjy and Anirbit Mukherjee},
  booktitle={International Conference on Learning Representations (ICLR)},
  year={2018}
}

@inproceedings{madry2018towards,
  title={Towards Deep Learning Models Resistant to Adversarial Attacks},
  author={Aleksander Madry and Aleksandar Makelov and Ludwig Schmidt and Dimitris Tsipras and Adrian Vladu},
  booktitle={International Conference on Learning Representations (ICLR)},
  year={2018}
}

@inproceedings{samangouei2018defense,
  title={Defense-GAN: Protecting Classifiers Against Adversarial Attacks Using Generative Models},
  author={Pouya Samangouei and Maya Kabkab and Rama Chellappa},
  booktitle={International Conference on Learning Representations (ICLR)},
  year={2018}
}

@inproceedings{sedghi2018singular,
  title={The Singular Values of Convolutional Layers},
  author={Sedghi, Hanie and Gupta, Vineet and Long, Philip},
  booktitle={International Conference on Learning Representations (ICLR)},
  year={2018}
}

@inproceedings{weng2018evaluating,
  title={Evaluating the Robustness of Neural Networks: An Extreme Value Theory Approach},
  author={Tsui-Wei Weng and Huan Zhang and Pin-Yu Chen and Jinfeng Yi and Dong Su and Yupeng Gao and Cho-Jui Hsieh and Luca Daniel},
  booktitle={International Conference on Learning Representations (ICLR)},
  year={2018},
}

@inproceedings{dhillon2018stochastic,
  title={Stochastic Activation Pruning for Robust Adversarial Defense},
  author={Guneet S. Dhillon and Kamyar Azizzadenesheli and Jeremy D. Bernstein and Jean Kossaifi and Aran Khanna and Zachary C. Lipton and Animashree Anandkumar},
  booktitle={International Conference on Learning Representations (ICLR)},
  year={2018}
}

@inproceedings{trabelsi2018deep,
  title={Deep Complex Networks},
  author={Chiheb Trabelsi and Olexa Bilaniuk and Ying Zhang and Dmitriy Serdyuk and Sandeep Subramanian and Joao Felipe Santos and Soroush Mehri and Negar Rostamzadeh and Yoshua Bengio and Christopher J Pal},
  booktitle={International Conference on Learning Representations (ICLR)},
  year={2018}
}

@inproceedings{guo2017countering,
  title={Countering Adversarial Images using Input Transformations},
  author={Chuan Guo and Mayank Rana and Moustapha Cisse and Laurens van der Maaten},
  booktitle={International Conference on Learning Representations (ICLR)},
  year={2018}
}

@inproceedings{xie2017mitigating,
  title={Mitigating Adversarial Effects Through Randomization},
  author={Cihang Xie and Jianyu Wang and Zhishuai Zhang and Zhou Ren and Alan Yuille},
  booktitle={International Conference on Learning Representations (ICLR)},
  year={2018}
}

@inproceedings{frankle2018lottery,
  title={The Lottery Ticket Hypothesis: Finding Sparse, Trainable Neural Networks},
  author={Frankle, Jonathan and Carbin, Michael},
  booktitle={International Conference on Learning Representations (ICLR)},
  year={2018}
}

@inproceedings{micikevicius2018mixed,
  title={Mixed Precision Training},
  author={Paulius Micikevicius and Sharan Narang and Jonah Alben and Gregory Diamos and Erich Elsen and David Garcia and Boris Ginsburg and Michael Houston and Oleksii Kuchaiev and Ganesh Venkatesh and Hao Wu},
  booktitle={International Conference on Learning Representations (ICLR)},
  year={2018}
}

@inproceedings{neyshabur2018pacbayesian,
  title={A {PAC}-Bayesian Approach to Spectrally-Normalized Margin Bounds for Neural Networks},
  author={Behnam Neyshabur and Srinadh Bhojanapalli and Nathan Srebro},
  booktitle={International Conference on Learning Representations (ICLR)},
  year={2018}
}

@inproceedings{zhou2018nonvacuous,
  title={Non-vacuous Generalization Bounds at the ImageNet Scale: a {PAC}-Bayesian Compression Approach},
  author={Wenda Zhou and Victor Veitch and Morgane Austern and Ryan P. Adams and Peter Orbanz},
  booktitle={International Conference on Learning Representations (ICLR)},
  year={2019},
}

@inproceedings{farnia2018generalizable,
  title={Generalizable Adversarial Training via Spectral Normalization},
  author={Farzan Farnia and Jesse Zhang and David Tse},
  booktitle={International Conference on Learning Representations (ICLR)},
  year={2019}
}

@inproceedings{johnson2018deep,
  title={Deep, Skinny Neural Networks are not Universal Approximators},
  author={Jesse Johnson},
  booktitle={International Conference on Learning Representations (ICLR)},
  year={2019}
}

@inproceedings{bibi2019deep,
  title={Deep Layers as Stochastic Solvers},
  author={Adel Bibi and Bernard Ghanem and Vladlen Koltun and Rene Ranftl},
  booktitle={International Conference on Learning Representations (ICLR)},
  year={2019}
}

@inproceedings{terjek2020adversarial,
  title={Adversarial Lipschitz Regularization},
  author={D{\'a}vid Terj{\'e}k},
  booktitle={International Conference on Learning Representations (ICLR)},
  year={2020}
}

@inproceedings{latorre2020lipschitz,
  title={Lipschitz Constant Estimation for Neural Networks via Sparse Polynomial Optimization},
  author={Fabian Latorre and Paul Rolland and Volkan Cevher},
  booktitle={International Conference on Learning Representations (ICLR)},
  year={2020},
}

@inproceedings{sanyal2020stable,
  title={Stable Rank Normalization for Improved Generalization in Neural Networks and GANs},
  author={Amartya Sanyal and Philip H. Torr and Puneet K. Dokania},
  booktitle={International Conference on Learning Representations (ICLR)},
  year={2020}
}

@inproceedings{rosenfeld2020a,
  title={A Constructive Prediction of the Generalization Error Across Scales},
  author={Jonathan S. Rosenfeld and Amir Rosenfeld and Yonatan Belinkov and Nir Shavit},
  booktitle={International Conference on Learning Representations (ICLR)},
  year={2020}
}

@inproceedings{dao2020kaleidoscope,
  title={Kaleidoscope: An Efficient, Learnable Representation For All Structured Linear Maps},
  author={Tri Dao and Nimit Sohoni and Albert Gu and Matthew Eichhorn and Amit Blonder and Megan Leszczynski and Atri Rudra and Christopher Ré},
  booktitle={International Conference on Learning Representations (ICLR)},
  year={2020},
}

@inproceedings{globerson2006nightmare,
  title={Nightmare at Test Time: Robust Learning by Feature Deletion},
  author={Globerson, Amir and Roweis, Sam},
  booktitle={Proceedings of the 23rd International Conference on Machine Learning (ICML)},
  year={2006}
}

@inproceedings{nair2010rectified,
  title={Rectified Linear Units Improve Restricted Boltzmann Machines},
  author={Nair, Vinod and Hinton, Geoffrey E},
  booktitle={Proceedings of the 27th International Conference on Machine Learning (ICML)},
  year={2010}
}

@inproceedings{maas2013rectifier,
  title={Rectifier Non-Linearities Improve Neural Network Acoustic Models},
  author={Andrew L. Maas and Awni Y. Hannun and Andrew Y. Ng},
  booktitle={In ICML Workshop on Deep Learning for Audio, Speech and Language Processing},
  year={2013}
}

@inproceedings{le2013fastfood,
  title={Fastfood -- Approximating Kernel Expansions in Loglinear Time},
  author={Le, Quoc and Sarl{\'o}s, Tam{\'a}s and Smola, Alexander},
  booktitle={Proceedings of the 30th International Conference on Machine Learning (ICML)},
  year={2013}
}

@inproceedings{yu2014circulant,
  title={Circulant Binary Embedding},
  author={Yu, Felix and Kumar, Sanjiv and Gong, Yunchao and Chang, Shih-Fu},
  booktitle={Proceedings of the 31st International Conference on Machine Learning (ICML)},
  year={2014}
}

@inproceedings{ioffe2015batch,
  title={Batch Normalization: Accelerating Deep Network Training by Reducing Internal Covariate Shift},
  author={Ioffe, Sergey and Szegedy~, Christian},
  booktitle={Proceedings of the 32nd International Conference on Machine Learning (ICML)},
  year={2015}
}

@inproceedings{chen2015compressing,
  title={Compressing Neural Networks with the Hashing Trick},
  author={Chen, Wenlin and Wilson, James T. and Tyree, Stephen and Weinberger, Kilian Q. and Chen, Yixin},
  booktitle={Proceedings of the 32nd International Conference on Machine Learning (ICML)},
  year={2015}
}

@inproceedings{gupta2015deep,
  title={Deep Learning with Limited Numerical Precision},
  author={Gupta, Suyog and Agrawal, Ankur and Gopalakrishnan, Kailash and Narayanan, Pritish},
  booktitle={Proceedings of the 32nd International Conference on Machine Learning (ICML)},
  year={2015}
}

@inproceedings{zhao2017theoretical,
  title={Theoretical Properties for Neural Networks with Weight Matrices of Low Displacement Rank},
  author={Liang Zhao and Siyu Liao and Yanzhi Wang and Zhe Li and Jian Tang and Bo Yuan},
  booktitle={Proceedings of the 34th International Conference on Machine Learning (ICML)},
  year={2017}
}

@inproceedings{cisse2017parseval,
  title={Parseval Networks: Improving Robustness to Adversarial Examples},
  author={Cisse, Moustapha and Bojanowski, Piotr and Grave, Edouard and Dauphin, Yann and Usunier, Nicolas},
  booktitle={Proceedings of the 34th International Conference on Machine Learning (ICML)},
  year={2017}
}

@inproceedings{yang2017tensor,
  title={Tensor-train recurrent neural networks for video classification},
  author={Yang, Yinchong and Krompass, Denis and Tresp, Volker},
  booktitle={Proceedings of the 34th International Conference on Machine Learning (ICML)},
  year={2017}
}

@inproceedings{jing2017tunable,
  title={Tunable efficient unitary neural networks (eunn) and their application to rnns},
  author={Jing, Li and Shen, Yichen and Dubcek, Tena and Peurifoy, John and Skirlo, Scott and LeCun, Yann and Tegmark, Max and Solja{\v{c}}i{\'c}, Marin},
  booktitle={Proceedings of the 34th International Conference on Machine Learning (ICML)},
  year={2017}
}

@inproceedings{athalye2018obfuscated,
  title={Obfuscated Gradients Give a False Sense of Security: Circumventing Defenses to Adversarial Examples},
  author={Athalye, Anish and Carlini, Nicholas and Wagner, David},
  booktitle={Proceedings of the 35th International Conference on Machine Learning (ICML)},
  year={2018}
}

@inproceedings{choromanski2018structured,
  title={Structured Evolution with Compact Architectures for Scalable Policy Optimization},
  author={Choromanski, Krzysztof and Rowland, Mark and Sindhwani, Vikas and Turner, Richard and Weller, Adrian},
  booktitle={Proceedings of the 35th International Conference on Machine Learning (ICML)},
  year={2018}
}

@inproceedings{dai2018compressing,
  title={Compressing Neural Networks using the Variational Information Bottleneck},
  author={Dai, Bin and Zhu, Chen and Guo, Baining and Wipf, David},
  booktitle={Proceedings of the 35th International Conference on Machine Learning (ICML)},
  year={2018}
}

@inproceedings{xiao2018dynamical,
  title={Dynamical Isometry and a Mean Field Theory of CNNs: How to Train 10,000-Layer Vanilla Convolutional Neural Networks},
  author={Xiao, Lechao and Bahri, Yasaman and Sohl-Dickstein, Jascha and Schoenholz, Samuel and Pennington, Jeffrey},
  booktitle={Proceedings of the 35th International Conference on Machine Learning (ICML)},
  year={2018}
}

@inproceedings{weng2018towards,
  title={Towards Fast Computation of Certified Robustness for {R}e{LU} Networks},
  author={Weng, Lily and Zhang, Huan and Chen, Hongge and Song, Zhao and Hsieh, Cho-Jui and Daniel, Luca and Boning, Duane and Dhillon, Inderjit},
  booktitle={Proceedings of the 35th International Conference on Machine Learning (ICML)},
  year = {2018},
}

@inproceedings{wong2018provable,
  title={Provable defenses against adversarial examples via the convex outer adversarial polytope},
  author={Wong, Eric and Kolter, Zico},
  booktitle={Proceedings of the 35th International Conference on Machine Learning (ICML)},
  year={2018},
}

@inproceedings{cohen2019certified,
  title={Certified Adversarial Robustness via Randomized Smoothing},
  author={Jeremy Cohen and Elan Rosenfeld and Zico Kolter},
  booktitle={Proceedings of the 36th International Conference on Machine Learning (ICML)},
  year={2019}
}

@inproceedings{choromanski2019unifying,
  title={Unifying orthogonal monte carlo methods},
  author={Choromanski, Krzysztof and Rowland, Mark and Chen, Wenyu and Weller, Adrian},
  booktitle={Proceedings of the 36th International Conference on Machine Learning (ICML)},
  year={2019}
}

@inproceedings{tan2019efficientnet,
  title={EfficientNet: Rethinking Model Scaling for Convolutional Neural Networks},
  author={Tan, Mingxing and Le~, Quoc},
  booktitle={Proceedings of the 36th International Conference on Machine Learning (ICML)},
  year={2019}
}

@inproceedings{anil2019sorting,
  title={Sorting out Lipschitz Function Approximation},
  author={Anil, Cem and Lucas, James and Grosse, Roger},
  booktitle={Proceedings of the 36th International Conference on Machine Learning (ICML)},
  year={2019}
}

@inproceedings{malach2019proving,
  title={Proving the Lottery Ticket Hypothesis: Pruning is All You Need},
  author={Malach, Eran and Yehudai, Gilad and Shalev-Shwartz, Shai and Shamir, Ohad},
  booktitle={Proceedings of the 36th International Conference on Machine Learning (ICML)},
  year={2019}
}

@inproceedings{lezcano2019cheap,
  title={Cheap Orthogonal Constraints in Neural Networks: A Simple Parametrization of the Orthogonal and Unitary Group},
  author={Lezcano-Casado, Mario and Mart{\i}́nez-Rubio, David},
  booktitle={Proceedings of the 36th International Conference on Machine Learning (ICML)},
  year={2019}
}

@inproceedings{dao2019learning,
  title={Learning Fast Algorithms for Linear Transforms Using Butterfly Factorizations},
  author={Dao, Tri and Gu, Albert and Eichhorn, Matthew and Rudra, Atri and Re, Christopher},
  booktitle={Proceedings of the 36th International Conference on Machine Learning (ICML)},
  year={2019}
}

@inproceedings{ryu2019plug,
  title={Plug-and-Play Methods Provably Converge with Properly Trained Denoisers},
  author={Ryu, Ernest and Liu, Jialin and Wang, Sicheng and Chen, Xiaohan and Wang, Zhangyang and Yin, Wotao},
  booktitle={Proceedings of the 36th International Conference on Machine Learning (ICML)},
  year={2019}
}

@inproceedings{evci2020rigging,
  title={Rigging the Lottery: Making All Tickets Winners},
  author={Evci, Utku and Gale, Trevor and Menick, Jacob and Castro, Pablo Samuel and Elsen, Erich},
  booktitle={Proceedings of the 37th International Conference on Machine Learning (ICML)},
  year={2020}
}

@inproceedings{pinot2020randomization,
  title={Randomization Matters. How to Defend Against Strong Adversarial Attacks},
  author={Pinot, Rafael and Ettedgui, Raphael and Rizk, Geovani and Chevaleyre, Yann and Atif, Jamal},
  booktitle={Proceedings of the 37th International Conference on Machine Learning (ICML)},
  year={2020}
}






@article{TYRTYSHNIKOV19961,
  title={A unifying approach to some old and new theorems on distribution and clustering},
  author={Evgenij E. Tyrtyshnikov},
  journal={Linear Algebra and its Applications},
  volume={232},
  year={1996}
}

@article{TILLI199859,
  title={Singular values and eigenvalues of non-Hermitian block Toeplitz matrices},
  author={Paolo Tilli},
  journal={Linear Algebra and its Applications},
  volume={272},
  year={1998}
}

@article{schmid2000decomposing,
  title={Decomposing a Matrix into Circulant and Diagonal Factors},
  author={Schmid, Michael and Steinwandt, Rainer and M{\"u}ller-Quade, J{\"o}rn and R{\"o}tteler, Martin and Beth, Thomas},
  journal={Linear Algebra and its Applications},
  volume={306},
  year={2000}
}

@article{KARNER2003301,
  title={Spectral Decomposition of Real Circulant Matrices},
  author={Herbert Karner and Josef Schneid and Christoph W Ueberhuber},
  journal={Linear Algebra and its Applications},
  volume={367},
  year={2003}
}

@inproceedings{lecun1990optimal,
  title={Optimal Brain Damage},
  author={LeCun, Yann and Denker, John S and Solla, Sara A},
  booktitle={Advances in Neural Information Processing Systems (NeurIPS)},
  year={1990}
}

@inproceedings{weigend1991generalization,
  title={Generalization by Weight-Elimination with Application to Forecasting},
  author={Weigend, Andreas S and Rumelhart, David E and Huberman, Bernardo A},
  booktitle={Advances in Neural Information Processing Systems (NeurIPS)},
  year={1991}
}

@inproceedings{vapnik1992principles,
  title={Principles of Risk Minimization for Learning Theory},
  author={Vapnik, Vladimir},
  booktitle={Advances in Neural Information Processing Systems (NeurIPS)},
  year={1992}
}

@inproceedings{krogh1992simple,
  title={A Simple Weight Decay can Improve Generalization},
  author={Krogh, Anders and Hertz, John A},
  booktitle={Advances in Neural Information Processing Systems (NeurIPS)},
  year={1992}
}

@inproceedings{langford2002pac,
  title={PAC-Bayes \& margins},
  author={Langford, John and Shawe-Taylor, John},
  booktitle={Advances in Neural Information Processing Systems (NeurIPS)},
  year={2002}
}

@incollection{dean2012large,
  title={Large Scale Distributed Deep Networks},
  author={Jeffrey Dean and Greg Corrado and Rajat Monga and Chen, Kai and Matthieu Devin and Mark Mao and Marc aurelio Ranzato and Andrew Senior and Paul Tucker and Ke Yang and Quoc V. Le and Andrew Y. Ng},
  booktitle={Advances in Neural Information Processing Systems (NeurIPS)},
  year={2012}
}

@incollection{krizhevsky2012imagenet,
  title={ImageNet Classification with Deep Convolutional Neural Networks},
  author={Alex Krizhevsky and Sutskever, Ilya and Hinton, Geoffrey E},
  booktitle={Advances in Neural Information Processing Systems (NeurIPS)},
  year={2012}
}

@incollection{denil2013predicting,
  title={Predicting Parameters in Deep Learning},
  author={Denil, Misha and Shakibi, Babak and Dinh, Laurent and Ranzato, Marc\textquotesingle Aurelio and de Freitas, Nando},
  booktitle={Advances in Neural Information Processing Systems (NeurIPS)},
  year={2013}
}

@incollection{ba2014deep,
  title={Do Deep Nets Really Need to be Deep?},
  author={Ba, Jimmy and Caruana, Rich},
  booktitle={Advances in Neural Information Processing Systems (NeurIPS)},
  year = {2014}
}

@inproceedings{novikov2015tensorizing,
  title={Tensorizing neural networks},
  author={Novikov, Alexander and Podoprikhin, Dmitrii and Osokin, Anton and Vetrov, Dmitry P},
  booktitle={Advances in Neural Information Processing Systems (NeurIPS)},
  year={2015}
}

@inproceedings{andoni2015practical,
  title={Practical and Optimal LSH for Angular Distance},
  author={Andoni, Alexandr and Indyk, Piotr and Laarhoven, Thijs and Razenshteyn, Ilya and Schmidt, Ludwig},
  booktitle={Advances in Neural Information Processing Systems (NeurIPS)},
  year={2015}
}

@inproceedings{sindhwani2015structured,
  title={Structured transforms for Small-Footprint Deep Learning},
  author={Sindhwani, Vikas and Sainath, Tara and Kumar, Sanjiv},
  booktitle={Advances in Neural Information Processing Systems (NeurIPS)},
  year={2015}
}

@inproceedings{hinton2015distilling,
  title={Distilling the Knowledge in a Neural Network},
  author={Geoffrey Hinton and Oriol Vinyals and Jeffrey Dean},
  booktitle={Neural Information Processing Systems -- Deep Learning and Representation Learning Workshop},
  year={2015}
}

@inproceedings{han2015learning,
  title={Learning Both Weights and Connections for Efficient Neural Networks},
  author={Han, Song and Pool, Jeff and Tran, John and Dally, William J.},
  booktitle={Advances in Neural Information Processing Systems (NeurIPS)},
  year={2015}
}

@inproceedings{courbariaux2015binaryconnect,
  author={Courbariaux, Matthieu and Bengio, Yoshua and David, Jean-Pierre},
  title={BinaryConnect: Training Deep Neural Networks with Binary Weights During Propagations},
  booktitle={Advances in Neural Information Processing Systems (NeurIPS)},
  year={2015}
}

@inproceedings{konecny2016federated,
  title={Federated Learning: Strategies for Improving Communication Efficiency},
  author={Jakub Konečný and H. Brendan McMahan and Felix X. Yu and Peter Richtarik and Ananda Theertha Suresh and Dave Bacon},
  booktitle={Neural Information Processing Systems -- Private Multi-Party Machine Learning Workshop},
  year={2016}
}

@inproceedings{moosavi2016robustness,
  title={Robustness of classifiers: from adversarial to random noise},
  author={Fawzi, Alhussein and Moosavi-Dezfooli, Seyed-Mohsen and Frossard, Pascal},
  booktitle={Advances in Neural Information Processing Systems (NeurIPS)},
  year={2016}
}

@inproceedings{guo2016dynamic,    
  title={Dynamic Network Surgery for Efficient DNNs},
  author={Guo, Yiwen and Yao, Anbang and Chen, Yurong},
  booktitle={Advances in Neural Information Processing Systems (NeurIPS)},
  year={2016}
} 

@incollection{poole2016exponential,
  title={Exponential expressivity in deep neural networks through transient chaos},
  author={Poole, Ben and Lahiri, Subhaneil and Raghu, Maithra and Sohl-Dickstein, Jascha and Ganguli, Surya},
  booktitle={Advances in Neural Information Processing Systems (NeurIPS)},
  year={2016}
}

@incollection{lin2017runtime,
  title={Runtime Neural Pruning},
  author={Lin, Ji and Rao, Yongming and Lu, Jiwen and Zhou, Jie},
  booktitle={Advances in Neural Information Processing Systems (NeurIPS)},
  year={2017}
}

@inproceedings{bartlett2017spectrally,
  title={Spectrally-normalized margin bounds for neural networks},
  author={Bartlett, Peter L and Foster, Dylan J and Telgarsky, Matus J},
  booktitle={Advances in Neural Information Processing Systems (NeurIPS)},
  year={2017}
}

@inproceedings{gulrajani2017improved,
  title={Improved training of wasserstein gans},
  author={Gulrajani, Ishaan and Ahmed, Faruk and Arjovsky, Martin and Dumoulin, Vincent and Courville, Aaron C},
  booktitle={Advances in Neural Information Processing Systems (NeurIPS)},
  year={2017}
}

@inproceedings{lu2017expressive,
  title={The Expressive Power of Neural Networks: A View from the Width},
  author={Lu, Zhou and Pu, Hongming and Wang, Feicheng and Hu, Zhiqiang and Wang, Liwei},
  booktitle={Advances in Neural Information Processing Systems (NeurIPS)},
  year={2017}
}

@inproceedings{vaswani2017attention,
  title={Attention is all you need},
  author={Vaswani, Ashish and Shazeer, Noam and Parmar, Niki and Uszkoreit, Jakob and Jones, Llion and Gomez, Aidan N and Kaiser, {\L}ukasz and Polosukhin, Illia},
  booktitle={Advances in Neural Information Processing Systems (NeurIPS)},
  year={2017}
}

@inproceedings{lundberg2017unified,
  title={A Unified Approach to Interpreting Model Predictions},
  author={Lundberg, Scott M and Lee, Su-In},
  booktitle={Advances in Neural Information Processing Systems (NeurIPS)},
  year={2017}
}

@inproceedings{hein2017formal,
  title={Formal guarantees on the robustness of a classifier against adversarial manipulation},
  author={Hein, Matthias and Andriushchenko, Maksym},
  booktitle={Advances in Neural Information Processing Systems (NeurIPS)},
  year={2017}
}

@incollection{fawzi2018adversarial,
  title={Adversarial vulnerability for any classifier},
  author={Fawzi, Alhussein and Fawzi, Hamza and Fawzi, Omar},
  booktitle={Advances in Neural Information Processing Systems (NeurIPS)},
  year={2018}
}

@inproceedings{tsuzuku2018lipschitz,
  title={Lipschitz-margin training: Scalable certification of perturbation invariance for deep neural networks},
  author={Tsuzuku, Yusuke and Sato, Issei and Sugiyama, Masashi},
  booktitle={Advances in Neural Information Processing Systems (NeurIPS)},
  year={2018}
}

@inproceedings{schmidt2018adversarially,
  title={Adversarially robust generalization requires more data},
  author={Schmidt, Ludwig and Santurkar, Shibani and Tsipras, Dimitris and Talwar, Kunal and Madry, Aleksander},
  booktitle={Advances in Neural Information Processing Systems (NeurIPS)},
  year={2018}
}

@incollection{scaman2018lipschitz,
  title={Lipschitz regularity of deep neural networks: analysis and efficient estimation},
  author={Virmaux, Aladin and Scaman, Kevin},
  booktitle={Advances in Neural Information Processing Systems (NeurIPS)},
  year={2018}
}

@inproceedings{diochnos2018adversarial,
  title={Adversarial Risk and Robustness: General Definitions and Implications for the Uniform Distribution},
  author={Diochnos, Dimitrios and Mahloujifar, Saeed and Mahmoody, Mohammad},
  booktitle={Advances in Neural Information Processing Systems (NeurIPS)},
  year={2018}
}

@incollection{thomas2018learning,
  title={Learning Compressed Transforms with Low Displacement Rank},
  author={Thomas, Anna and Gu, Albert and Dao, Tri and Rudra, Atri and R\'{e}, Christopher},
  booktitle={Advances in Neural Information Processing Systems (NeurIPS)},
  year={2018}
}

@inproceedings{munkhoeva2018quadrature,
  title={Quadrature-based features for kernel approximation},
  author={Munkhoeva, Marina and Kapushev, Yermek and Burnaev, Evgeny and Oseledets, Ivan},
  booktitle={Advances in Neural Information Processing Systems (NeurIPS)},
  year={2018}
}

@inproceedings{huang2019gpipe,
  title={GPipe: Efficient Training of giant Neural Networks using Pipeline Parallelism},
  author={Huang, Yanping and Cheng, Youlong and Bapna, Ankur and Firat, Orhan and Chen, Dehao and Chen, Mia and Lee, HyoukJoong and Ngiam, Jiquan and Le, Quoc V and Wu, Yonghui and others},
  booktitle={Advances in Neural Information Processing Systems (NeurIPS)},
  year={2019}
}

@incollection{li2019certified,
  title={Certified Adversarial Robustness with Additive Noise},
  author={Li, Bai and Chen, Changyou and Wang, Wenlin and Carin, Lawrence},
  booktitle={Advances in Neural Information Processing Systems (NeurIPS)},
  year={2019}
}

@inproceedings{pinot2019theoretical,
  title={Theoretical Evidence for Adversarial Robustness through Randomization},
  author={Pinot, Rafael and Meunier, Laurent and Araujo, Alexandre and Kashima, Hisashi and Yger, Florian and Gouy-Pailler, Cedric and Atif, Jamal},
  booktitle={Advances in Neural Information Processing Systems (NeurIPS)},
  year={2019}
}

@incollection{li2019preventing,
  title={Preventing Gradient Attenuation in Lipschitz Constrained Convolutional Networks},
  author={Li, Qiyang and Haque, Saminul and Anil, Cem and Lucas, James and Grosse, Roger B and Jacobsen, Joern-Henrik},
  booktitle={Advances in Neural Information Processing Systems (NeurIPS)},
  year={2019}
}

@incollection{fazlyab2019efficient,
  title={Efficient and Accurate Estimation of Lipschitz Constants for Deep Neural Networks},
  author={Fazlyab, Mahyar and Robey, Alexander and Hassani, Hamed and Morari, Manfred and Pappas, George},
  booktitle={Advances in Neural Information Processing Systems (NeurIPS)},
  year={2019}
}

@inproceedings{paszke2019pytorch,
  title={PyTorch: An Imperative Style, High-Performance Deep Learning Library},
  author={Paszke, Adam and Gross, Sam and Massa, Francisco and Lerer, Adam and Bradbury, James and Chanan, Gregory and Killeen, Trevor and Lin, Zeming and Gimelshein, Natalia and Antiga, Luca and Desmaison, Alban and Kopf, Andreas and Yang, Edward and DeVito, Zachary and Raison, Martin and Tejani, Alykhan and Chilamkurthy, Sasank and Steiner, Benoit and Fang, Lu and Bai, Junjie and Chintala, Soumith},
  booktitle={Advances in Neural Information Processing Systems (NeurIPS)},
  year={2019}
}

@inproceedings{arora2019implicit,
  title={Implicit regularization in deep matrix factorization},
  author={Arora, Sanjeev and Cohen, Nadav and Hu, Wei and Luo, Yuping},
  booktitle={Advances in Neural Information Processing Systems (NeurIPS)},
  year={2019}
}

@inproceedings{tramer2019adversarial,
  title={Adversarial training and robustness for multiple perturbations},
  author={Tram{\`e}r, Florian and Boneh, Dan},
  booktitle={Advances in Neural Information Processing Systems (NeurIPS)},
  year={2019}
}

@inproceedings{salman2019provably,
  title={Provably robust deep learning via adversarially trained smoothed classifiers},
  author={Salman, Hadi and Li, Jerry and Razenshteyn, Ilya and Zhang, Pengchuan and Zhang, Huan and Bubeck, Sebastien and Yang, Greg},
  booktitle={Advances in Neural Information Processing Systems (NeurIPS)},
  year={2019}
}

@inproceedings{zellers2019defending,
  title={Defending against neural fake news},
  author={Zellers, Rowan and Holtzman, Ari and Rashkin, Hannah and Bisk, Yonatan and Farhadi, Ali and Roesner, Franziska and Choi, Yejin},
  booktitle={Advances in Neural Information Processing Systems (NeurIPS)},
  year={2019}
}

@inproceedings{zhou2019deconstructing,
  title={Deconstructing lottery tickets: Zeros, signs, and the supermask},
  author={Zhou, Hattie and Lan, Janice and Liu, Rosanne and Yosinski, Jason},
  booktitle={Advances in Neural Information Processing Systems (NeurIPS)},
  year={2019}
}

@inproceedings{xindian2019tensorized,
  title={A Tensorized Transformer for Language Modeling},
  author={Ma, Xindian and Zhang, Peng and Zhang, Shuai and Duan, Nan and Hou, Yuexian and Zhou, Ming and Song, Dawei},
  booktitle={Advances in Neural Information Processing Systems (NeurIPS)},
  year={2019}
}

@inproceedings{yang2019xlnet,
  title={Xlnet: Generalized autoregressive pretraining for language understanding},
  author={Yang, Zhilin and Dai, Zihang and Yang, Yiming and Carbonell, Jaime and Salakhutdinov, Russ R and Le, Quoc V},
  booktitle={Advances in Neural Information Processing Systems (NeurIPS)},
  year={2019}
}

@inproceedings{brown2020language,
  title={Language Models are Few-Shot Learners},
  author={
    Brown, Tom B. and
    Mann, Benjamin and
    Ryder, Nick and
    Subbiah, Melanie and
    Kaplan, Jared and
    Dhariwal, Prafulla and
    Neelakantan, Arvind and
    Shyam, Pranav and
    Sastry, Girish and
    Askell, Amanda and
    Agarwal, Sandhini and
    Herbert-Voss, Arieland
    Krueger, Gretchen and
    Henighan, Tom and
    Child, Rewon and
    Ramesh, Aditya and
    Ziegler, Daniel M. and
    Wu, Jeffrey and
    Winter, Clemens and
    Hesse, Christopher and
    Chen, Mark and
    Sigler, Eric and
    Litwin, Mateusz and
    Gray, Scott and
    Chess, Benjamin and
    Clark, Jack and
    Berner, Christopher and
    McCandlish, Sam and
    Radford, Alec and
    Sutskever, Ilya and
    Amodei, Dario}, 
  booktitle={Advances in Neural Information Processing Systems (NeurIPS)},
  year={2020}
}

@inproceedings{tramer2020adaptive,
  title={On Adaptive Attacks to Adversarial Example Defenses},
  author={Tramer, Florian and Carlini, Nicholas and Brendel, Wieland and Madry, Aleksander},
  booktitle={Advances in Neural Information Processing Systems (NeurIPS)},
  year={2020}
}


@article{muller1998algorithmic,
  title={Algorithmic Design of Diffractive Optical Systems for Information Processing},
  author={M{\"u}ller-Quade, J{\"o}rn and Aagedal, Harald and Beth, Th and Schmid, Michael},
  journal={Physica D: Nonlinear Phenomena},
  publisher={Elsevier},
  year={1998}
}

@article{barron1993universal,
  title={Universal Approximation Bounds for Superpositions of a Sigmoidal Function},
  author={Barron, Andrew R},
  journal={IEEE Transactions on Information theory},
  publisher={IEEE},
  year={1993}
}

@article{ye2016every,
  title={Every Matrix is a Product of Toeplitz Matrices},
  author={Ye, Ke and Lim, Lek-Heng},
  journal={Foundations of Computational Mathematics},
  year={2016}
}

@article{hornik1991approximation,
  title={Approximation Capabilities of Multilayer Feedforward Networks},
  author={Hornik, Kurt},
  journal={Neural networks},
  publisher={Elsevier},
  year={1991}
}

@article{yarotsky2017error,
  title={Error Bounds for Approximations with Deep ReLU Networks},
  author={Yarotsky, Dmitry},
  journal={Neural Networks},
  publisher={Elsevier},
  year={2017}
}

@article{hinrichs2011johnson,
  title={Johnson-Lindenstrauss Lemma for Circulant Matrices},
  author={Hinrichs, Aicke and Vyb\'{i}ral, Jan},
  journal={Random Structures \& Algorithms},
  publisher={Wiley Online Library},
  year={2011}
}

@article{vybiral2011variant,
  title={A Variant of the Johnson–Lindenstrauss Lemma for Circulant Matrices},
  author={Jan Vyb\'{i}ral},
  journal={Journal of Functional Analysis},
  year={2011}
}

@article{huhtanen2015factoring,
  title={Factoring Matrices into the Product of Circulant and Diagonal Matrices},
  author={Huhtanen, Marko and Per{\"a}m{\"a}ki, Allan},
  journal={Journal of Fourier Analysis and Applications},
  year={2015}
}

@article{zhang2016accelerating,
  title={Accelerating Very Deep Convolutional Networks for Classification and Detection},
  author={Zhang, Xiangyu and Zou, Jianhua and He, Kaiming and Sun, Jian},
  journal={IEEE Trans. Pattern Anal. Mach. Intell.},
  publisher={IEEE Computer Society},
  year={2016}
} 

@article{dean2018golden,
  title={A New Golden Age in Computer Architecture: Empowering the Machine-Learning Revolution}, 
  author={J. Dean and D. Patterson and C. Young}, 
  journal={IEEE Micro}, 
  year={2018}
}

@inproceedings{jordan1993hierarchical,
  title={Hierarchical Mixtures of Experts and the EM Algorithm}, 
  author={M. I. Jordan and R. A. Jacobs}, 
  booktitle={Proceedings of 1993 International Conference on Neural Networks (IJCNN-93-Nagoya, Japan)}, 
  year={1993}
}

@article{ailon2009fast,
  title={The Fast Johnson--Lindenstrauss Transform and Approximate Nearest Neighbors},
  author={Ailon, Nir and Chazelle, Bernard},
  journal={SIAM Journal on computing},
  publisher={SIAM},
  year={2009}
}

@inproceedings{sainath2013lowrank,
  title={Low-Rank Matrix Factorization for Deep Neural Network Training with High-Dimensional Output Targets}, 
  author={T. N. Sainath and B. Kingsbury and V. Sindhwani and E. Arisoy and B. Ramabhadran}, 
  booktitle={2013 IEEE International Conference on Acoustics, Speech and Signal Processing}, 
  year={2013}
}

@inproceedings{goyal2019compression,
  title={Compression of Deep Neural Networks by Combining Pruning and Low Rank Decomposition},
  author={S. {Goyal} and A. {Roy Choudhury} and V. {Sharma}},
  booktitle={2019 IEEE International Parallel and Distributed Processing Symposium Workshops (IPDPSW)},
  year={2019}
}

@techreport{krizhevsky2009learning,
  title={Learning Multiple Layers of Features from Tiny Images},
  author={Krizhevsky, Alex and Hinton, Geoffrey},
  institution={Citeseer},
  year={2009}
}

@article{sanchez1995diagonalizing,
  title={Diagonalizing Properties of the Discrete Cosine Transforms},
  author={Sanchez, Victoria and Garcia, Pedro and Peinado, Antonio M and Segura, Jos{\'e} C and Rubio, Antonio J},
  journal={IEEE Transactions on Signal Processing},
  year={1995}
}

@article{rabiner1975theory,
  title={Theory and Application of Digital Signal Processing},
  Author={Rabiner, Lawrence R and Gold, Bernard},
  journal={Englewood Cliffs, NJ, Prentice-Hall, Inc., 1975. 777 p.},
  year={1975}
}

@inproceedings{bucilua2006model,
  title={Model Compression},
  author={Buciluǎ, Cristian and Caruana, Rich and Niculescu-Mizil, Alexandru},
  booktitle={Proceedings of the 12th ACM SIGKDD international conference on Knowledge discovery and data mining},
  organization={ACM},
  year={2006}
}

@inproceedings{ding2017circnn,
  title={CirCNN: Accelerating and Compressing Deep Neural Networks Using Block-Circulant Weight Matrices},
  author={Ding, Caiwen and Liao, Siyu and Wang, Yanzhi and Li, Zhe and Liu, Ning and Zhuo, Youwei and Wang, Chao and Qian, Xuehai and Bai, Yu and Yuan, Geng and Ma, Xiaolong and Zhang, Yipeng and Tang, Jian and Qiu, Qinru and Lin, Xue and Yuan, Bo},
  booktitle={Proceedings of the 50th Annual IEEE/ACM International Symposium on Microarchitecture},
  location={Cambridge, Massachusetts},
  publisher={ACM},
  year={2017}
} 

@article{FCVID,
  author={Yu-Gang Jiang and Zuxuan Wu and Jun Wang and Xiangyang Xue and Shih-Fu Chang},
  title={Exploiting Feature and Class Relationships in Video Categorization with Regularized Deep Neural Networks},
  journal={IEEE Transactions on Pattern Analysis and Machine Intelligence},
  year={2018}
}

@article{sanchez2013image,
  title={Image Classification with the Fisher Vector: Theory and Practice},
  author={S\'{a}nchez, Jorge and Perronnin, Florent and Mensink, Thomas and Verbeek, Jakob},
  journal={International Journal of Computer Vision},
  year={2013}
} 

@inproceedings{xue2013restructuring,
  title={Restructuring of Deep Neural Network Acoustic Models with Singular Value Decomposition.},
  author={Xue, Jian and Li, Jinyu and Gong, Yifan},
  booktitle={Interspeech},
  keywords={dblp},
  publisher={ISCA},
  year={2013}
}

@article{Lin2017,
  title={Why Does Deep and Cheap Learning Work So Well?},
  author={Lin, Henry W. and Tegmark, Max and Rolnick, David},
  journal={Journal of Statistical Physics},
  year={2017}
}

@article{mhaskar2016deep,
  title={Deep vs. shallow networks: An approximation theory perspective},
  author={Mhaskar, Hrushikesh N and Poggio, Tomaso},
  journal={Analysis and Applications},
  publisher={World Scientific},
  year={2016}
}

@article{cifar,
  title={CIFAR-10 (Canadian Institute for Advanced Research)},
  author={Alex Krizhevsky and Vinod Nair and Geoffrey Hinton},
  keywords={Dataset},
}

@inproceedings{mallat2010recursive,
  author={Mallat, St{\'e}phane},
  booktitle={2010 18th European Signal Processing Conference}, 
  title={Recursive interferometric representations}, 
  year={2010}
}

@article{bruna2013invariant,
  title={Invariant scattering convolution networks},
  author={Bruna, Joan and Mallat, St{\'e}phane},
  journal={IEEE transactions on pattern analysis and machine intelligence},
  year={2013}
}

@inproceedings{sainath2015convolutional,
  title={Convolutional neural networks for small-footprint keyword spotting},
  author={Sainath, Tara N and Parada, Carolina},
  booktitle={Sixteenth Annual Conference of the International Speech Communication Association},
  year={2015}
}

@article{gray2006toeplitz,
  title={Toeplitz and Circulant Matrices: A Review},
  author={Gray, Robert},
  journal={Foundations and Trends{\textregistered} in Communications and Information Theory},
  publisher={Now Publishers, Inc.},
  year={2006}
}

@article{gutierrez2012block,
  title={Block Toeplitz matrices: Asymptotic results and applications},
  author={Guti{\'e}rrez Guti{\'e}rrez, Jes{\'u}s and Crespo, Pedro},
  journal={Foundations and Trends{\textregistered} in Communications and Information Theory},
  publisher={Now Publishers, Inc.},
  year={2012}
}

@book{goodfellow2016deep,
  title={Deep Learning},
  author={Ian Goodfellow and Yoshua Bengio and Aaron Courville},
  publisher={MIT Press},
  year={2016}
}

@article{gray1972asymptotic,
  title={On the Asymptotic Eigenvalue Distribution of Toeplitz Matrices},
  author={Robert Gray},
  journal={IEEE Transactions on Information Theory},
  year={1972}
}

@article{grenander1958toeplitz,
  title={Toeplitz Forms and Their Applications},
  author={Grenander, Ulf and Szeg{\"o}, Gabor and Kac, Mark},
  journal={Physics Today},
  year={1958}
}

@article{gazzah2001asymptotic,
  title={Asymptotic eigenvalue distribution of block Toeplitz matrices and application to blind SIMO channel identification},
  author={Gazzah, Houcem and Regalia, Phillip A and Delmas, J-P},
  journal={IEEE Transactions on Information Theory},
  year={2001}
}

@article{gutierrez2008asymptotically,
  title={Asymptotically equivalent sequences of matrices and Hermitian block Toeplitz matrices with continuous symbols: Applications to MIMO systems},
  author={Guti{\'e}rrez-Guti{\'e}rrez, Jes{\'u}s and Crespo, Pedro M},
  journal={IEEE Transactions on Information Theory},
  year={2008}
}

@article{gutierrez2011asymptotically,
  title={Asymptotically equivalent sequences of matrices and multivariate ARMA processes},
  author={Gutierrez-Gutierrez, Jes{\'u}s and Crespo, Pedro M},
  journal={IEEE Transactions on Information Theory},
  year={2011}
}

@article{oudin2008asymptotic,
  title={Asymptotic generalized eigenvalue distribution of block multilevel Toeplitz matrices},
  author={Oudin, Marc and Delmas, Jean Pierre},
  journal={IEEE Transactions on Signal Processing},
  year={2008}
}

@article{ramirez2010detection,
  title={Detection of spatially correlated Gaussian time series},
  author={Ram{\'\i}rez, David and V{\'\i}a, Javier and Santamar{\'\i}a, Ignacio and Scharf, Louis L},
  journal={IEEE Transactions on Signal Processing},
  year={2010}
}

@article{de2009finding,
  title={Finding the maximum modulus of a polynomial on the polydisk using a generalization of steckins lemma},
  author={De La Chevrotiere, Gabriel},
  journal={SIAM Undergraduate Research Online},
  year={2009}
}

@article{green1999calculating,
  title={Calculating the maximum modulus of a polynomial using Steckin's lemma},
  author={Green, JJ},
  journal={SIAM journal on numerical analysis},
  year={1999}
}

@book{jain1989fundamentals,
  title={Fundamentals of digital image processing},
  author={Jain, Anil K},
  publisher={Englewood Cliffs, NJ: Prentice Hall},
  year={1989}
}

@article{golub2000eigenvalue,
  title={Eigenvalue computation in the 20th century},
  author={Golub, Gene H and Van der Vorst, Henk A},
  journal={Journal of Computational and Applied Mathematics},
  publisher={Elsevier},
  year={2000}
}

@inproceedings{carlini2017towards,
  title={Towards evaluating the robustness of neural networks},
  author={Carlini, Nicholas and others},
  booktitle={IEEE Symposium on Security and Privacy},
  year={2017}
}

@article{zhu2017asymptotic,
  title={On the Asymptotic Equivalence of Circulant and Toeplitz Matrices},
  author={Zhu, Zhihui and Wakin, Michael B},
  journal={IEEE Transactions on Information Theory},
  year={2017}
}

@article{lehoucq1996deflation,
  title={Deflation techniques for an implicitly restarted Arnoldi iteration},
  author={Lehoucq, Richard B and Sorensen, Danny C},
  journal={SIAM Journal on Matrix Analysis and Applications},
  year={1996}
}

@article{widom1976asymptotic,
  title={Asymptotic behavior of block Toeplitz matrices and determinants. II},
  author={Widom, Harold},
  journal={Advances in Mathematics},
  publisher={Academic Press},
  year={1976}
}

@article{Toeplitz1911,
  author={Toeplitz, O.},
  journal={Mathematische Annalen},
  title={Zur Theorie der quadratischen und bilinearen Formen von unendlich vielen Veränderlichen. I. Teil: Theorie der L-Formen},
  year={1911}
}

@article{lecun1998gradient,
  title={Gradient-based learning applied to document recognition},
  author={LeCun, Yann and Bottou, L{\'e}on and Bengio, Yoshua and Haffner, Patrick},
  journal={Proceedings of the IEEE},
  year={1998}
}

@article{rumelhart1986learning,
  title={Learning representations by back-propagating errors},
  author={Rumelhart, David E and Hinton, Geoffrey E and Williams, Ronald J},
  journal={Nature},
  publisher={Nature Publishing Group},
  year={1986}
}

@article{werbos1974thesis,
  title={Beyond regression : new tools for prediction and analysis in the behavioral sciences},
  author={Werbos, Paul and John, Paul},
  year={1974}
}

@article{rosenblatt1958perceptron,
  title={The perceptron: a probabilistic model for information storage and organization in the brain.},
  author={Rosenblatt, Frank},
  journal={Psychological review},
  publisher={American Psychological Association},
  year={1958}
}

@book{minsky1969perceptrons,
  title={Perceptrons},
  author={Minsky, Marvin and Papert, Seymour},
  publisher={MIT Press},
  year={1969}
}

@article{medler1998brief,
  title={A brief history of connectionism},
  author={Medler, David A},
  publisher={Citeseer},
  year={1998}
}

@article{hinton2012deep,
  title={Deep neural networks for acoustic modeling in speech recognition: The shared views of four research groups},
  author={Hinton~, Geoffrey and Deng, Li and Yu, Dong and Dahl, George E and Mohamed, Abdel-rahman and Jaitly, Navdeep and Senior, Andrew and Vanhoucke, Vincent and Nguyen, Patrick and Sainath, Tara N and others},
  journal={IEEE Signal Processing Magazine},
  year={2012}
}

@article{ivakhnenko1967cybernetics,
  title={Cybernetics and forecasting techniques},
  author={Ivakhnenko, Alekse{\u\i} Grigorʹevich and Lapa, Valentin Grigorʹevich},
  publisher={North-Holland},
  year={1967}
}

@article{zhang1990parallel,
  title={Parallel distributed processing model with local space-invariant interconnections and its optical architecture},
  author={Zhang~, Wei and Itoh, Kazuyoshi and Tanida, Jun and Ichioka, Yoshiki},
  journal={Applied optics},
  publisher={Optical Society of America},
  year={1990}
}

@inproceedings{biggio2013evasion,
  title={Evasion attacks against machine learning at test time},
  author={Biggio, Battista and Corona, Igino and Maiorca, Davide and Nelson, Blaine and {\v{S}}rndi{\'c}, Nedim and Laskov, Pavel and Giacinto, Giorgio and Roli, Fabio},
  booktitle={Joint European conference on machine learning and knowledge discovery in databases},
  organization={Springer},
  year={2013}
}

@inproceedings{lecuyer2018certified,
  author={M. Lecuyer and V. Atlidakais and R. Geambasu and D. Hsu and S. Jana},
  booktitle={2019 IEEE Symposium on Security and Privacy (SP)},
  title={Certified Robustness to Adversarial Examples with Differential Privacy},
  year={2018}
}

@inproceedings{papernot2016limitations,
  title={The limitations of deep learning in adversarial settings},
  author={Papernot, Nicolas and McDaniel, Patrick and Jha, Somesh and Fredrikson, Matt and Celik, Z Berkay and Swami, Ananthram},
  booktitle={Security and Privacy (EuroS\&P), 2016 IEEE European Symposium on},
  organization={IEEE},
  year={2016}
}

@inproceedings{papernot2016distillation,
  title={Distillation as a defense to adversarial perturbations against deep neural networks},
  author={Papernot, Nicolas and McDaniel, Patrick and Wu, Xi and Jha, Somesh and Swami, Ananthram},
  booktitle={2016 IEEE Symposium on Security and Privacy (SP)},
  organization={IEEE},
  year={2016}
}

@inproceedings{meng2017magnet,
  title={Magnet: a two-pronged defense against adversarial examples},
  author={Meng, Dongyu and Chen, Hao},
  booktitle={Proceedings of the 2017 ACM SIGSAC Conference on Computer and Communications Security},
  organization={ACM},
  year={2017}
}

@article{zozor1999stochastic,
  title={Stochastic resonance in discrete time nonlinear {AR}(1) models},
  author={Zozor, Steeve and Amblard, Pierre-Olivier},
  journal={IEEE transactions on Signal Processing},
  publisher={IEEE},
  year={1999}
}

@article{chapeau2004noise,
  title={Noise-enhanced performance for an optimal Bayesian estimator},
  author={Chapeau-Blondeau, Fran{\c{c}}ois and Rousseau, David},
  journal={IEEE Transactions on Signal Processing},
  publisher={IEEE},
  year={2004}
}

@article{mitaim1998adaptive,
  title={Adaptive stochastic resonance},
  author={Mitaim, Sanya and Kosko, Bart},
  journal={Proceedings of the IEEE},
  year={1998}
}

@book{ben2009robust,
  title={Robust optimization},
  author={Ben-Tal, Aharon and El Ghaoui, Laurent and Nemirovski, Arkadi},
  publisher={Princeton University Press},
  year={2009}
}

@article{dwork2014algorithmic,
  title={The algorithmic foundations of differential privacy},
  author={Dwork, Cynthia and Roth, Aaron and others},
  journal={Foundations and Trends{\textregistered} in Theoretical Computer Science},
  year={2014}
}

@techreport{renyi1961,
  title={On measures of entropy and information},
  author={R{\'e}nyi, Alfr{\'e}d},
  institution={Hungarian Academy of Sciences Budapest Hungary},
  year={1961}
}

@book{cover2012elements,
  title={Elements of information theory},
  author={Cover, Thomas M and Thomas, Joy A},
  publisher={John Wiley \& Sons},
  year={2012}
}

@article{beaudry2011intuitive,
  author={Beaudry, Normand J. and Renner, Renato},
  title={An Intuitive Proof of the Data Processing Inequality},
  journal={Quantum Info. Comput.},
  year={2012}
}

@inproceedings{zagoruyko2016wide,
  title={Wide Residual Networks},
  author={Sergey Zagoruyko and Nikos Komodakis},
  booktitle={Proceedings of the British Machine Vision Conference (BMVC)},
  year={2016}
}

@article{gilardoni2010pinsker,
  title={On Pinsker's and Vajda's Type Inequalities for Csiszár's$f$-Divergences},
  author={G. L. {Gilardoni}},
  journal={IEEE Transactions on Information Theory},
  year={2010}
}

@article{Vajda1970,
  title={Note on Discrimination Information and Variation},
  author={I. Vajda},
  journal={IEEE Trans. Inform. Theory},
  year={1970}
}

@article{AGibbsMetrics2002,
  title={On Choosing and Bounding Probability Metrics},
  author={Alison L. Gibbs and Francis Edward Su},
  journal={International Statistical Review / Revue Internationale de Statistique},
  year={2002}
}

@book{sugiyama2012machine,
  title={Machine learning in non-stationary environments: Introduction to covariate shift adaptation},
  author={Sugiyama, Masashi and Kawanabe, Motoaki},
  publisher={MIT press},
  year={2012}
}

@book{tikhonov1977solutions,
  title={Solutions of Ill-posed problems},
  author={Tikhonov, A. N. and Arsenin, V. Y.},
  publisher={W.H.~Winston},
  year={1977}
}

@book{anthony1999neural,
  title={Neural Network Learning: Theoretical Foundations},
  author={Anthony, Martin and Bartlett, Peter L},
  publisher={Cambridge University Press},
  year={1999}
}

@article{karush1939minima,
  title={Minima of Functions of Several variables with Inequalities as Side Constraints},
  author={Karush, William},
  journal={Master of Science Dissertation. Department of Mathematics, University of Chicago},
  year={1939}
}

@misc{tensorflow2015-whitepaper,
  title={ {TensorFlow}: Large-Scale Machine Learning on Heterogeneous Systems},
  note={Software available from tensorflow.org},
  author={
      Mart\'{i}n Abadi and
      Ashish Agarwal and
      Paul Barham and
      Eugene Brevdo and
      Zhifeng Chen and
      Craig Citro and
      Greg~S. Corrado and
      Andy Davis and
      Jeffrey Dean and
      Matthieu Devin and
      Sanjay Ghemawat and
      Ian Goodfellow and
      Andrew Harp and
      Geoffrey Irving and
      Michael Isard and
      Yangqing Jia and
      Rafal Jozefowicz and
      Lukasz Kaiser and
      Manjunath Kudlur and
      Josh Levenberg and
      Dandelion Man\'{e} and
      Rajat Monga and
      Sherry Moore and
      Derek Murray and
      Chris Olah and
      Mike Schuster and
      Jonathon Shlens and
      Benoit Steiner and
      Ilya Sutskever and
      Kunal Talwar and
      Paul Tucker and
      Vincent Vanhoucke and
      Vijay Vasudevan and
      Fernanda Vi\'{e}gas and
      Oriol Vinyals and
      Pete Warden and
      Martin Wattenberg and
      Martin Wicke and
      Yuan Yu and
      Xiaoqiang Zheng},
  year={2015}
}

@misc{numpy,
  author={Travis Oliphant},
  title={NumPy: A guide to NumPy},
  howpublished={USA: Trelgol Publishing},
  year={2006}
}
 
@article{scikit-learn,
  title={Scikit-learn: Machine Learning in {P}ython},
  author={Pedregosa, F. and Varoquaux, G. and Gramfort, A. and Michel, V.
   and Thirion, B. and Grisel, O. and Blondel, M. and Prettenhofer, P.
   and Weiss, R. and Dubourg, V. and Vanderplas, J. and Passos, A. and
   Cournapeau, D. and Brucher, M. and Perrot, M. and Duchesnay, E.},
  journal={Journal of Machine Learning Research},
  year={2011}
}

@article{russakovsky2015imagenet,
  title={ImageNet Large Scale Visual Recognition Challenge},
  author={Olga Russakovsky and Jia Deng and Hao Su and Jonathan Krause and Sanjeev Satheesh and Sean Ma and Zhiheng Huang and Andrej Karpathy and Aditya Khosla and Michael Bernstein and Alexander C. Berg and Li Fei-Fei},
  journal={International Journal of Computer Vision \emph{(IJCV)}},
  year={2015}
}

@article{abdel2014convolutional,
  title={Convolutional neural networks for speech recognition},
  author={Abdel-Hamid, Ossama and Mohamed, Abdel-rahman and Jiang, Hui and Deng, Li and Penn, Gerald and Yu, Dong},
  journal={IEEE/ACM Transactions on audio, speech, and language processing},
  year={2014}
}

@inproceedings{peters2018deep,
  title={Deep Contextualized Word Representations},
  author={Peters, Matthew E. and  Neumann, Mark and Iyyer, Mohit and Gardner, Matt and Clark, Christopher and Lee, Kenton and Zettlemoyer, Luke},
  booktitle={Proceedings of the 2018 Conference of the North American Chapter of the Association for Computational Linguistics: Human Language Technologies \emph{(NAACL)}},
  year={2018}
}

@article{radford2018improving,
  title={Improving language understanding by Generative Pre-Training},
  author={Radford, Alec and Narasimhan, Karthik and Salimans, Tim and Sutskever, Ilya},
  year={2018}
}

@inproceedings{devlin2019bert,
  title={BERT: Pre-training of Deep Bidirectional Transformers for Language Understanding},
  author = "Devlin, Jacob  and Chang, Ming-Wei  and Lee, Kenton  and Toutanova, Kristina",
  booktitle={Proceedings of the 2019 Conference of the North American Chapter of the Association for Computational Linguistics: Human Language Technologies \emph{(NAACL)}},
  year={2019}
}

@article{radford2019language,
  title={Language Models are Unsupervised Multitask Learners},
  author={Radford, Alec and Wu, Jeffrey and Child, Rewon and Luan, David and Amodei, Dario and Sutskever, Ilya},
  journal={OpenAI Blog},
  year={2019}
}

@article{rosset2020turingnlg,
  title={Turing-NLG: A 17-billion-parameter Language Model},
  author={Rosset, Corby},
  journal={Microsoft Blog},
  year={2020}
}

@article{fagnant2015preparing,
  title={Preparing a nation for autonomous vehicles: opportunities, barriers and policy recommendations},
  author={Fagnant, Daniel J and Kockelman, Kara},
  journal={Transportation Research Part A: Policy and Practice},
  publisher={Elsevier},
  year={2015}
}

@article{li2020overview,
  title={OpenAI's GPT-3 Language Model: A Technical Overview},
  author={Chuan Li},
  url={https://lambdalabs.com/blog/demystifying-gpt-3/},
  year={2020}
}

@inproceedings{banko2001scaling,
  title={Scaling to Very Very Large Corpora for Natural Language Disambiguation},
  author={Banko, Michele  and Brill, Eric},
  booktitle={Proceedings of the 39th Annual Meeting of the Association for Computational Linguistics},
  year={2001}
}

@inproceedings{hestness2019beyond,
  title={Beyond Human-Level Accuracy: Computational Challenges in Deep Learning},
  author={Hestness, Joel and Ardalani, Newsha and Diamos, Gregory},
  booktitle={Proceedings of the 24th Symposium on Principles and Practice of Parallel Programming},
  year={2019}
}

@article{faust2018deep,
  title={Deep learning for healthcare applications based on physiological signals: A review},
  author={Faust, Oliver and Hagiwara, Yuki and Hong, Tan Jen and Lih, Oh Shu and Acharya, U Rajendra},
  journal={Computer Methods and Programs in Biomedicine},
  year={2018}
}

@inproceedings{dalvi2004adversarial,
  title={Adversarial classification},
  author={Dalvi, Nilesh and Domingos, Pedro and Sanghai, Sumit and Verma, Deepak},
  booktitle={Proceedings of the tenth ACM SIGKDD international conference on Knowledge discovery and data mining},
  year={2004}
}

@book{pan2001structured,
  author={Pan, Victor Y.},
  title={Structured Matrices and Polynomials: Unified Superfast Algorithms},
  publisher={Springer-Verlag},
  year={2001}
}

@article{cooley1965algorithm,
  title={An algorithm for the machine calculation of complex Fourier series},
  author={Cooley, James W and Tukey, John W},
  journal={Mathematics of computation},
  publisher={JSTOR},
  year={1965}
}

@book{davis1979circulant,
  title={Circulant Matrices},
  author={Davis, P.J.},
  series={Monographs and textbooks in pure and applied mathematics},
  publisher={Wiley},
  year={1979}
}

@book{mcgillem1991continuous,
  title={Continuous and Discrete Signal and System Analysis},
  author={McGillem, Clare D and Cooper, George R},
  publisher={Philadelphia: Saunders College Pub},
  edition={3rd ed},
  year={1991}
}

@inproceedings{bojarski2017structured,
  title={Structured Adaptive and Random Spinners for Fast Machine Learning Computations},
  author={Mariusz Bojarski and Anna Choromanska and Krzysztof Choromanski and Francois Fagan and Cedric Gouy-Pailler and Anne Morvan and Nouri Sakr and Tamas Sarlos and Jamal Atif},
  booktitle={Proceedings of the 20th International Conference on Artificial Intelligence and Statistics},
  year={2017}
}

@book{golub1996matrix,
  title={Matrix Computations},
  author={Golub, G.H. and Van Loan, C.F. and Van Loan, C.F. and Van Loan, P.C.F.},
  series={Johns Hopkins Studies in the Mathematical Sciences},
  publisher={Johns Hopkins University Press},
  year={1996}
}

@article{hubel1959receptive,
  title={Receptive Fields of Single Neurones in the Cat's Striate Cortex},
  author={Hubel, David H and Wiesel, Torsten N},
  journal={The Journal of physiology},
  publisher={Wiley-Blackwell},
  year={1959}
}

@article{hubel1968receptive,
  title={Receptive Fields and Functional Architecture of Monkey Striate Cortex},
  author={Hubel, David H and Wiesel, Torsten N},
  journal={The Journal of physiology},
  publisher={Wiley Online Library},
  year={1968}
}

@book{shalev2014understanding,
  title={Understanding machine learning: From theory to algorithms},
  author={Shalev-Shwartz, Shai and Ben-David, Shai},
  publisher={Cambridge university press},
  year={2014}
}

@article{karlik2011performance,
  title={Performance Analysis of Various Activation Functions in Generalized MLP Architectures of Neural Networks},
  author={Karlik, Bekir and Olgac, A Vehbi},
  journal={International Journal of Artificial Intelligence and Expert Systems},
  year={2011}
}

@book{molnar2020interpretable,
  title={Interpretable Machine Learning},
  author={Molnar, Christoph},
  publisher={Lulu.com},
  year={2020}
}

@article{feldman2012agnostic,
  title={Agnostic Learning of Monomials by Halfspaces is Hard},
  author={Feldman, Vitaly and Guruswami, Venkatesan and Raghavendra, Prasad and Wu, Yi},
  journal={SIAM Journal on Computing},
  publisher={SIAM},
  year={2012}
}

@article{bendavid2003difficulty,
  author={Shai Ben-David and Nadav Eiron and Philip M. Long},
  title={On the difficulty of approximately maximizing agreements},
  journal={Journal of Computer and System Sciences},
  year={2003}
}

@book{hastie2009elements,
  title={The elements of statistical learning: data mining, inference, and prediction},
  author={Hastie, Trevor and Tibshirani, Robert and Friedman, Jerome},
  publisher={Springer Science \& Business Media},
  year={2009}
}

@inproceedings{hinton1987learning,
  title={Learning translation invariant recognition in a massively parallel networks},
  author={Hinton, Geoffrey E.},
  booktitle={Parallel Architectures and Languages Europe},
  publisher={Springer Berlin Heidelberg},
  year={1987}
}

@article{thodberg1991improving,
  title={Improving Generalization of Neural Networks through Pruning},
  author={Thodberg, Hans Henrik},
  journal={International Journal of Neural Systems},
  publisher={World Scientific},
  year={1991}
}

@article{kailath1979displacement,
  title={Displacement ranks of matrices and linear equations},
  author={Kailath, Thomas and Kung, Sun-Yuan and Morf, Martin},
  journal={Journal of Mathematical Analysis and Applications},
  publisher={Elsevier},
  year={1979}
}

@article{kailath1995displacement,
  title={Displacement structure: theory and applications},
  author={Kailath, Thomas and Sayed, Ali H},
  journal={SIAM review},
  publisher={SIAM},
  year={1995}
}

@article{qin2019accelerating,
  title={Accelerating Deep Neural Networks by Combining Block-Circulant Matrices and Low-Precision Weights},
  author={Qin, Zidi and Zhu, Di and Zhu, Xingwei and Chen, Xuan and Shi, Yinghuan and Gao, Yang and Lu, Zhonghai and Shen, Qinghong and Li, Li and Pan, Hongbing},
  journal={Electronics},
  publisher={Multidisciplinary Digital Publishing Institute},
  year={2019}
}

@article{dong2020exploring,
  title={Exploring GPU acceleration of Deep Neural Networks using Block Circulant Matrices},
  author={Dong, Shi and Zhao, Pu and Lin, Xue and Kaeli, David},
  journal={Parallel Computing},
  publisher={Elsevier},
  year={2020}
}

@inproceedings{liao2017energy,
  title={Energy-efficient, High-performance, Highly-compressed Deep Neural Network Design Using Block-Circulant Matrices},
  author={Liao, Siyu and Li, Zhe and Lin, Xue and Qiu, Qinru and Wang, Yanzhi and Yuan, Bo},
  booktitle={2017 IEEE/ACM International Conference on Computer-Aided Design (ICCAD)},
  year={2017}
}

@article{hornik1989multilayer,
  title={Multilayer feedforward networks are universal approximators},
  author={Hornik, Kurt and Stinchcombe, Maxwell and White, Halbert},
  journal={Neural Networks},
  publisher={Elsevier},
  year={1989}
}

@inproceedings{jaderberg2014speeding,
  title={Speeding up Convolutional Neural Networks with Low Rank Expansions},
  author={Jaderberg, Max and Vedaldi, Andrea and Zisserman, Andrew},
  booktitle={Proceedings of the British Machine Vision Conference},
  year={2014}
}

@article{johnson1984extensions,
  title={Extensions of Lipschitz mappings into a Hilbert space},
  author={Johnson, William B and Lindenstrauss, Joram},
  journal={Contemporary mathematics},
  year={1984}
}

@article{parker1995random,
  title={Random butterfly transformations with applications in computational linear algebra},
  author={Parker, D Stott},
  publisher={Citeseer},
  year={1995}
}

@inproceedings{schulman2000clustering,
  title={Clustering for edge-cost minimization},
  author={Schulman, Leonard J},
  booktitle={Proceedings of the thirty-second annual ACM symposium on Theory of computing},
  year={2000}
}

@inproceedings{indyk2000stable,
  title={Stable distributions, pseudorandom generators, embeddings and data stream computation},
  author={Indyk, Piotr},
  booktitle={Proceedings 41st Annual Symposium on Foundations of Computer Science},
  organization={IEEE},
  year={2000}
}

@inproceedings{indyk1998approximate,
  title={Approximate nearest neighbors: towards removing the curse of dimensionality},
  author={Indyk, Piotr and Motwani, Rajeev},
  booktitle={Proceedings of the thirtieth annual ACM symposium on Theory of computing},
  year={1998}
}

@article{kushilevitz2000efficient,
  title={Efficient search for approximate nearest neighbor in high dimensional spaces},
  author={Kushilevitz, Eyal and Ostrovsky, Rafail and Rabani, Yuval},
  journal={SIAM Journal on Computing},
  publisher={SIAM},
  year={2000}
}

@article{pan2003inversion,
  title={Inversion of displacement operators},
  author={Pan, Victor Y and Wang, Xinmao},
  journal={SIAM Journal on Matrix Analysis and Applications},
  publisher={SIAM},
  year={2003}
}

@inproceedings{ruan2018reachability,
  title={Reachability Analysis of Deep Neural Networks with Provable Guarantees},
  author={Wenjie Ruan and Xiaowei Huang and Marta Kwiatkowska},
  booktitle={Proceedings of the 27th International Joint Conference on Artificial Intelligence \emph{(IJCAI-18)}},
  year={2018}
}

@inproceedings{li2017acoustic,
  title={Acoustic Modeling for Google Home},
  author={
    Li, Bo and
    Sainath, Tara and
    Narayanan, Arun and
    Caroselli, Joe and
    Bacchiani, Michiel and
    Misra, Ananya and
    Shafran, Izhak and
    Sak, Hasim and
    Pundak, Golan and
    Chin, Kean and
    Sim, Khe Chai and
    Weiss, Ron J. and
    Wilson, Kevin and
    Variani, Ehsan and
    Kim, Chanwoo and
    Siohan, Olivier and
    Weintraub, Mitchel and
    McDermott, Erik and
    Rose, Rick and
    Shannon, Matt},
  booktitle={INTERSPEECH},
  year={2017}
}

@phdthesis{neyshabur2017,
  title={Implicit Regularization in Deep Learning},
  school={Toyota Technological Institute at Chicago},
  author={Neyshabur, Behnam},
  year={2017}
}

@inproceedings{golowich2018,
  title={Size-Independent Sample Complexity of Neural Networks},
  author={Golowich, Noah and Rakhlin, Alexander and Shamir, Ohad},
  booktitle={Conference on Learning Theory \emph{(COLT)}},
  year={2018}
}

@book{kovacevic2008introduction,
  title={An Introduction to Frames},
  author={Kovacevic, Jelena and Chebira, Amina},
  publisher={Now Publishers Inc},
  year={2008}
}

@incollection{kautsky1994matrix,
  title={A Matrix Approach to Discrete Wavelets},
  author={Kautsky, Jaroslav and Turcajov{\'a}, Radka},
  booktitle={Wavelet Analysis and Its Applications},
  publisher={Elsevier},
  year={1994}
}

@inproceedings{huster2018limitations,
  title={Limitations of the Lipschitz constant as a defense against adversarial examples},
  author={Huster, Todd and Chiang, Cho-Yu Jason and Chadha, Ritu},
  booktitle={Joint European Conference on Machine Learning and Knowledge Discovery in Databases},
  organization={Springer},
  year={2018}
}

@inproceedings{glorot2010understanding,
  title={Understanding the Difficulty of Training Deep Feedforward Neural Networks},
  author={Xavier Glorot and Yoshua Bengio},
  booktitle={Proceedings of the Thirteenth International Conference on Artificial Intelligence and Statistics},
  year={2010}
}


@article{oseledets2011tensor,
  title={Tensor-train decomposition},
  author={Oseledets, Ivan V},
  journal={SIAM Journal on Scientific Computing},
  year={2011}
}

@inproceedings{koltchinskii2000rademacher,
  title={Rademacher Processes and Bounding the Risk of Function Learning},
  author={Koltchinskii, Vladimir and Panchenko, Dmitriy},
  booktitle={High Dimensional Probability II},
  year={2000}
}

@article{shannon1949communication,
  title={Communication theory of secrecy systems},
  author={Shannon, Claude E},
  journal={The Bell system technical journal},
  publisher={Nokia Bell Labs},
  year={1949}
}

@book{kerckhoffs1883cryptographie,
  title={La cryptographie militaire},
  author={Kerckhoffs, Auguste},
  publisher={Librairie militaire de L. Baudoin},
  year={1883}
}

@inproceedings{harvey2017nearly,
  title={Nearly-tight VC-dimension bounds for piecewise linear neural networks},
  author={Harvey, Nick and Liaw, Christopher and Mehrabian, Abbas},
  booktitle={Conference on Learning Theory},
  year={2017}
}

@article{bartlett1998almost,
  title={Almost linear VC-dimension bounds for piecewise polynomial networks},
  author={Bartlett, Peter L and Maiorov, Vitaly and Meir, Ron},
  journal={Neural computation},
  publisher={MIT Press},
  year={1998}
}

@article{bengio1994learning,
  title={Learning Long-term Dependencies with Gradient Descent is Difficult},
  author={Bengio, Yoshua and Simard, Patrice and Frasconi, Paolo},
  journal={IEEE Transactions on Neural Networks},
  year={1994}
}

@article{hitchcock1927expression,
  title={The expression of a tensor or a polyadic as a sum of products},
  author={Hitchcock, Frank L},
  journal={Journal of Mathematics and Physics},
  publisher={Wiley Online Library},
  year={1927}
}

@inproceedings{tjandra2017compressing,
  title={Compressing recurrent neural network with tensor train},
  author={A. {Tjandra} and S. {Sakti} and S. {Nakamura}},
  booktitle={International Joint Conference on Neural Networks \emph{(IJCNN)}},
  year={2017}
}

@article{li2015butterfly,
  title={Butterfly factorization},
  author={Li, Yingzhou and Yang, Haizhao and Martin, Eileen R and Ho, Kenneth L and Ying, Lexing},
  journal={Multiscale Modeling \& Simulation},
  publisher={SIAM},
  year={2015}
}

@book{absil2009optimization,
  title={Optimization algorithms on matrix manifolds},
  author={Absil, P-A and Mahony, Robert and Sepulchre, Rodolphe},
  publisher={Princeton University Press},
  year={2009}
}

@article{bjorck1971iterative,
  title={An iterative algorithm for computing the best estimate of an orthogonal matrix},
  author={Bj{\"o}rck, {\AA}ke and Bowie, Clazett},
  journal={SIAM Journal on Numerical Analysis},
  publisher={SIAM},
  year={1971}
}

@article{mises1929praktische,
  title={Praktische Verfahren der Gleichungsaufl{\"o}sung.},
  author={Mises, RV and Pollaczek-Geiringer, Hilda},
  journal={ZAMM-Journal of Applied Mathematics and Mechanics/Zeitschrift f{\"u}r Angewandte Mathematik und Mechanik},
  publisher={Wiley Online Library},
  year={1929}
}

@article{raffel2020exploring,
  title={Exploring the Limits of Transfer Learning with a Unified Text-to-Text Transformer},
  author={Colin Raffel and Noam Shazeer and Adam Roberts and Katherine Lee and Sharan Narang and Michael Matena and Yanqi Zhou and Wei Li and Peter J. Liu},
  journal={Journal of Machine Learning Research},
  year={2020}
}

@techreport{page1999pagerank,
  title={The PageRank citation ranking: Bringing order to the web.},
  author={Page, Lawrence and Brin, Sergey and Motwani, Rajeev and Winograd, Terry},
  institution={Stanford InfoLab},
  year={1999}
}

@inproceedings{gupta2013wtf,
  title={WTF: The Who to Follow Service at Twitter},
  author={Gupta, Pankaj and Goel, Ashish and Lin, Jimmy and Sharma, Aneesh and Wang, Dong and Zadeh, Reza},
  booktitle={Proceedings of the 22nd International Conference on World Wide Web},
  year={2013}
}

@book{widom1965toeplitz,
  title={Toeplitz Matrices},
  author={H. Widom},
  booktitle={Studies in Real and Complex Analysis},
  editor={Hirschman, I.I.},
  series={Studies in Mathematics},
  publisher={Prentice Hall},
  year={1965}
}

@book{bottcher2012introduction,
  title={Introduction to large truncated Toeplitz matrices},
  author={B{\"o}ttcher, Albrecht and Silbermann, Bernd},
  publisher={Springer Science \& Business Media},
  year={2012}
}

@article{szego1915grenzwertsatz,
  title={Ein Grenzwertsatz {\"u}ber die Toeplitzschen Determinanten einer reellen positiven Funktion},
  author={Szeg{\"o}, Gabor},
  journal={Mathematische Annalen},
  publisher={Springer},
  year={1915}
}

@article{serra1997extension,
  title={The extension of the concept of the generating function to a class of preconditioned Toeplitz matrices},
  author={Serra, Stefano},
  journal={Linear algebra and its applications},
  publisher={Elsevier},
  year={1997}
}

@article{parter1961extreme,
  title={Extreme eigenvalues of Toeplitz forms and applications to elliptic difference equations},
  author={Parter, Seymour V},
  journal={Transactions of the American Mathematical Society},
  publisher={JSTOR},
  year={1961}
}

@article{avram1988bilinear,
  title={On bilinear forms in Gaussian random variables and Toeplitz matrices},
  author={Avram, Florin},
  journal={Probability Theory and Related Fields},
  publisher={Springer},
  year={1988}
}

@article{tilli1997asymptotic,
  title={On the asymptotic spectrum of Hermitian block Toeplitz matrices with Toeplitz blocks},
  author={Tilli, Paolo},
  journal={Mathematics of computation},
  year={1997}
}

@article{tyrtyshnikov1998spectra,
  title={Spectra of multilevel Toeplitz matrices: advanced theory via simple matrix relationships},
  author={Tyrtyshnikov, EE and Zamarashkin, NL},
  journal={Linear algebra and its applications},
  publisher={North-Holland},
  year={1998}
}

@article{tilli1998singular,
  title={Singular values and eigenvalues of non-Hermitian block Toeplitz matrices},
  author={Tilli, Paolo},
  journal={Linear algebra and its applications},
  publisher={Elsevier},
  year={1998}
}

@inproceedings{strubell2019energy,
  title={Energy and Policy Considerations for Deep Learning in NLP},
  author={Strubell, Emma and Ganesh, Ananya and McCallum, Andrew},
  booktitle={Proceedings of the 57th Annual Meeting of the Association for Computational Linguistics},
  year={2019}
}

@book{appell2008nonlinear,
  title={Nonlinear spectral theory},
  author={Appell, J{\"u}rgen and De Pascale, Espedito and Vignoli, Alfonso},
  volume={10},
  year={2008},
  publisher={Walter de Gruyter}
}

@article{silver2017mastering,
  title={Mastering the game of go without human knowledge},
  author={Silver, David and Schrittwieser, Julian and Simonyan, Karen and Antonoglou, Ioannis and Huang, Aja and Guez, Arthur and Hubert, Thomas and Baker, Lucas and Lai, Matthew and Bolton, Adrian and others},
  journal={nature},
  volume={550},
  number={7676},
  pages={354--359},
  year={2017},
  publisher={Nature Publishing Group}
}

@article{sadat2019jointly,
  title={Jointly Learnable Behavior and Trajectory Planning for Self-Driving Vehicles},
  author={Abbas Sadat and Mengye Ren and Andrei Pokrovsky and Yen-Chen Lin and Ersin Yumer and Raquel Urtasun},
  booktitle={International Conference on Intelligent Robots and Systems \emph{(IROS)}},
  year={2019}
}

@article{spigler2019jamming,
  title={A jamming transition from under- to over-parametrization affects generalization in deep learning},
  author={S Spigler and M Geiger and S d'Ascoli and L Sagun and G Biroli and M Wyart},
  journal={Journal of Physics A: Mathematical and Theoretical},
  year={2019},
}

@article{turing1950computing,
  title={Computing Machinery and Intelligence},
  author={Turing, AM},
  journal={Mind},
  volume={59},
  pages={433--460},
  year={1950}
}

@article{guggenheimer1995simple,
  title={A simple estimate of the condition number of a linear system},
  author={Guggenheimer, Heinrich W and Edelman, Alan S and Johnson, Charles R},
  journal={The College Mathematics Journal},
  volume={26},
  number={1},
  pages={2--5},
  year={1995},
  publisher={Taylor \& Francis}
}

@article{basor2017asymptotics,
  title={Asymptotics of determinants of block Toeplitz matrices},
  author={Basor, Estelle},
  journal={Random Matrices: Theory and Applications},
  volume={6},
  number={04},
  pages={1740003},
  year={2017},
  publisher={World Scientific}
}

@article{kachurovskii1969regular,
  title={Regular points, spectrum and eigenfunctions of nonlinear operators},
  author={R.~I. Kachurovskii},
  journal={Dokl. Akad. Nauk SSSR},
  volume={188},
  number={2},
  pages={274--277},
  year={1969},
}









@article{vapnik1982estimation,
  title={Estimation of Dependences Based on Empirical Data: Springer Series in Statistics (Springer Series in Statistics)},
  author={Vapnik, Vladimir},
  year={1982},
  publisher={Springer-Verlag}
}

@article{mcculloch1943logical,
  title={A logical calculus of the ideas immanent in nervous activity},
  author={McCulloch, Warren S and Pitts, Walter},
  journal={The bulletin of mathematical biophysics},
  volume={5},
  number={4},
  year={1943},
  publisher={Springer}
}

@incollection{kuhn2014nonlinear,
  title={Nonlinear programming},
  author={Kuhn, Harold W and Tucker, Albert W},
  booktitle={Traces and emergence of nonlinear programming},
  year={2014},
  publisher={Springer}
}

@book{villani2008optimal,
  title={Optimal transport: old and new},
  author={Villani, C{\'e}dric},
  volume={338},
  year={2008},
  publisher={Springer Science \& Business Media}
}

@incollection{huber2011robust,
  title={Robust statistics},
  author={Huber, Peter J},
  booktitle={International Encyclopedia of Statistical Science},
  year={2011},
  publisher={Springer}
}

@article{serra1994preconditioning,
  title={Preconditioning strategies for asymptotically ill-conditioned block Toeplitz systems},
  author={Serra, Stefano},
  journal={BIT Numerical Mathematics},
  volume={34},
  number={4},
  year={1994},
  publisher={Springer}
}

@book{zhang2011matrix,
  title={Matrix theory: basic results and techniques},
  author={Zhang, Fuzhen},
  year={2011},
  publisher={Springer Science \& Business Media}
}

@book{federer2014geometric,
  title={Geometric measure theory},
  author={Federer, Herbert},
  year={1969},
  series={Classics in Mathematics},
  publisher={Springer-Verlag Berlin Heidelberg}
}

@book{yu2016automatic,
  title={Automatic Speech Recognition},
  author={Yu, Dong and Deng, Li},
  year={2016},
  publisher={Springer}
}

@incollection{fukushima1982neocognitron,
  title={Neocognitron: A self-organizing neural network model for a mechanism of visual pattern recognition},
  author={Fukushima, Kunihiko and Miyake, Sei},
  booktitle={Competition and cooperation in neural nets},
  pages={267--285},
  year={1982},
  publisher={Springer}
}

@article{cybenko1989approximation,
  title={Approximation by Superpositions of a Sigmoidal Function},
  author={Cybenko, George},
  journal={Mathematics of control, signals and systems},
  volume={2},
  number={4},
  pages={303--314},
  year={1989},
  publisher={Springer}
}

@inproceedings{han1995influence,
  title={The Influence of the Sigmoid Function Parameters on the Speed of Backpropagation Learning},
  author={Han, Jun and Moraga, Claudio},
  booktitle={International Workshop on Artificial Neural Networks},
  pages={195--201},
  year={1995},
  organization={Springer}
}

@incollection{vapnik2015uniform,
  title={On the uniform convergence of relative frequencies of events to their probabilities},
  author={Vapnik, Vladimir N and Chervonenkis, A Ya},
  booktitle={Measures of complexity},
  pages={11--30},
  year={2015},
  publisher={Springer}
}

@article{tucker1966some,
  title={Some mathematical notes on three-mode factor analysis},
  author={Tucker, Ledyard R},
  journal={Psychometrika},
  volume={31},
  number={3},
  pages={279--311},
  year={1966},
  publisher={Springer}
}

@inbook{sharma2021automating,
  author={Sharma, Anshuman and Zheng, Zuduo},
  editor={Wang, Brydon T. and Wang, C. M.},
  booktitle={Automating Cities: Design, Construction, Operation and Future Impact},
  publisher={Springer Singapore},
  address={Singapore},
  pages={273--296},
  year={2021}
}

@article{araujo2021lipschitz,
  title={On Lipschitz Regularization of Convolutional Layers using Toeplitz Matrix Theory},
  author={Araujo, Alexandre and Negrevergne, Benjamin and Chevaleyre, Yann and Atif, Jamal},
  journal={Thirty-Fifth AAAI Conference on Artificial Intelligence},
  year={2021}
}

@article{araujo2020understanding,
  title={Understanding and Training Deep Diagonal Circulant Neural Networks},
  author={Araujo, Alexandre and Negrevergne, Benjamin and Chevaleyre, Yann and Atif, Jamal},
  journal={The 24th European Conference on Artificial Intelligence - (ECAI)},
  year={2020}
}

@inproceedings{araujo2018training,
  title={Training Compact Deep Learning Models for Video Classification Using Circulant Matrices},
  author={Araujo, Alexandre and Negrevergne, Benjamin and Chevaleyre, Yann and Atif, Jamal},
  booktitle={Computer Vision -- ECCV 2018 Workshops},
  year={2018},
}

@article{araujo2020advocating,
  title={Advocating for Multiple Defense Strategies against Adversarial Examples},
  author={Araujo, Alexandre and Meunier, Laurent and Pinot, Rafael and Negrevergne, Benjamin},
  journal={Workshop on Machine Learning for CyberSecurity (MLCS@ECML-PKDD)},
  url={https://arxiv.org/abs/2012.02632},
  year={2020}
}














