
@article{cybenko1989approximation,
  title={Approximation by superpositions of a sigmoidal function},
  author={Cybenko, George},
  journal={Mathematics of control, signals and systems},
  volume={2},
  number={4},
  pages={303--314},
  year={1989},
  publisher={Springer}
}

@article{DBLP:journals/corr/abs-1803-01442,
  author    = {Guneet S. Dhillon and
               Kamyar Azizzadenesheli and
               Zachary C. Lipton and
               Jeremy Bernstein and
               Jean Kossaifi and
               Aran Khanna and
               Anima Anandkumar},
  title     = {Stochastic Activation Pruning for Robust Adversarial Defense},
  journal   = {CoRR},
  volume    = {abs/1803.01442},
  year      = {2018},
  url       = {http://arxiv.org/abs/1803.01442},
  archivePrefix = {arXiv},
  eprint    = {1803.01442},
  timestamp = {Mon, 13 Aug 2018 16:48:24 +0200},
  biburl    = {https://dblp.org/rec/bib/journals/corr/abs-1803-01442},
  bibsource = {dblp computer science bibliography, https://dblp.org}
}



@inproceedings{bucilua2006model,
  title={Model compression},
  author={Buciluǎ, Cristian and Caruana, Rich and Niculescu-Mizil, Alexandru},
  booktitle={Proceedings of the 12th ACM SIGKDD international conference on Knowledge discovery and data mining},
  pages={535--541},
  year={2006},
  organization={ACM}
}


@INPROCEEDINGS{7410684, 
author={Y. Cheng and F. X. Yu and R. S. Feris and S. Kumar and A. Choudhary and S. F. Chang}, 
booktitle={2015 IEEE International Conference on Computer Vision (ICCV)}, 
title={An Exploration of Parameter Redundancy in Deep Networks with Circulant Projections}, 
year={2015}, 
volume={}, 
number={}, 
pages={2857-2865}, 
ISSN={}, 
month={Dec},}

@article{VYBIRAL20111096,
title = "A variant of the Johnson–Lindenstrauss lemma for circulant matrices",
journal = "Journal of Functional Analysis",
volume = "260",
number = "4",
pages = "1096 - 1105",
year = "2011",
issn = "0022-1236",
doi = "https://doi.org/10.1016/j.jfa.2010.11.014",
url = "http://www.sciencedirect.com/science/article/pii/S0022123610004507",
author = "Jan Vybíral",
keywords = "Johnson–Lindenstrauss lemma, Circulant matrix, Discrete Fourier transform, Singular value decomposition"
}

@inproceedings{Ding:2017:CIC:3123939.3124552,
 author = {Ding, Caiwen and Liao, Siyu and Wang, Yanzhi and Li, Zhe and Liu, Ning and Zhuo, Youwei and Wang, Chao and Qian, Xuehai and Bai, Yu and Yuan, Geng and Ma, Xiaolong and Zhang, Yipeng and Tang, Jian and Qiu, Qinru and Lin, Xue and Yuan, Bo},
 title = {CirCNN: Accelerating and Compressing Deep Neural Networks Using Block-circulant Weight Matrices},
 booktitle = {Proceedings of the 50th Annual IEEE/ACM International Symposium on Microarchitecture},
 series = {MICRO-50 '17},
 year = {2017},
 isbn = {978-1-4503-4952-9},
 location = {Cambridge, Massachusetts},
 pages = {395--408},
 numpages = {14},
 url = {http://doi.acm.org/10.1145/3123939.3124552},
 doi = {10.1145/3123939.3124552},
 acmid = {3124552},
 publisher = {ACM},
 address = {New York, NY, USA},
 keywords = {FPGA, acceleration, block-circulant matrix, compression, deep learning},
} 


@INPROCEEDINGS{7410530, 
author={Z. Yang and M. Moczulski and M. Denil and N. d. Freitas and A. Smola and L. Song and Z. Wang}, 
booktitle={2015 IEEE International Conference on Computer Vision (ICCV)}, 
title={Deep Fried Convnets}, 
year={2015}, 
volume={}, 
number={}, 
pages={1476-1483}, 
doi={10.1109/ICCV.2015.173}, 
ISSN={}, 
month={Dec},}

@Article{Huhtanen2015,
author="Huhtanen, Marko
and Per{\"a}m{\"a}ki, Allan",
title="Factoring Matrices into the Product of Circulant and Diagonal Matrices",
journal="Journal of Fourier Analysis and Applications",
year="2015",
month="Oct",
day="01",
volume="21",
number="5",
pages="1018--1033",
issn="1531-5851",
doi="10.1007/s00041-015-9395-0",
url="https://doi.org/10.1007/s00041-015-9395-0"
}

@incollection{NIPS2015_5869,
title = {Structured Transforms for Small-Footprint Deep Learning},
author = {Sindhwani, Vikas and Sainath, Tara and Kumar, Sanjiv},
booktitle = {Advances in Neural Information Processing Systems 28},
editor = {C. Cortes and N. D. Lawrence and D. D. Lee and M. Sugiyama and R. Garnett},
pages = {3088--3096},
year = {2015},
publisher = {Curran Associates, Inc.},
url = {http://papers.nips.cc/paper/5869-structured-transforms-for-small-footprint-deep-learning.pdf}
}

@inproceedings{45619,
title	= {YouTube-8M: A Large-Scale Video Classification Benchmark},
author	= {Sami Abu-El-Haija and Nisarg Kothari and Joonseok Lee and Apostol (Paul) Natsev and George Toderici and Balakrishnan Varadarajan and Sudheendra Vijayanarasimhan},
year	= {2016},
URL	= {https://arxiv.org/pdf/1609.08675v1.pdf},
booktitle	= {arXiv:1609.08675}
}

@article{FCVID,
  author = {Yu-Gang Jiang and Zuxuan Wu and Jun Wang and Xiangyang Xue and Shih-Fu Chang},
  title  = {Exploiting Feature and Class Relationships in Video Categorization with Regularized Deep Neural Networks},
  journal = {{IEEE} Transactions on Pattern Analysis and Machine Intelligence},
  volume = {40},
  number = {2},
  pages  = {352--364},
  year   = {2018},
  url    = {https://doi.org/10.1109/TPAMI.2017.2670560},
  doi    = {10.1109/TPAMI.2017.2670560},
}

@article{DBLP:journals/corr/MiechLS17,
  author    = {Antoine Miech and
               Ivan Laptev and
               Josef Sivic},
  title     = {Learnable pooling with Context Gating for video classification},
  journal   = {CoRR},
  volume    = {abs/1706.06905},
  year      = {2017}
}

@article{DBLP:journals/corr/WangZW17,
  author    = {He{-}Da Wang and
               Teng Zhang and
               Ji Wu},
  title     = {The Monkeytyping Solution to the YouTube-8M Video Understanding Challenge},
  journal   = {CoRR},
  volume    = {abs/1706.05150},
  year      = {2017}
}

@article{DBLP:journals/corr/LiGLBLLLZW17,
  author    = {Fu Li and
               Chuang Gan and
               Xiao Liu and
               Yunlong Bian and
               Xiang Long and
               Yandong Li and
               Zhichao Li and
               Jie Zhou and
               Shilei Wen},
  title     = {Temporal Modeling Approaches for Large-scale Youtube-8M Video Understanding},
  journal   = {CoRR},
  volume    = {abs/1707.04555},
  year      = {2017}
}

@InProceedings{Arandjelovic16,
  author       = "Arandjelovi\'c, R. and Gronat, P. and Torii, A. and Pajdla, T. and Sivic, J.",
  title        = "{NetVLAD}: {CNN} architecture for weakly supervised place recognition",
  booktitle    = "IEEE Conference on Computer Vision and Pattern Recognition",
  year         = "2016",
}

@article{Sanchez:2013:ICF:2590166.2590173,
 author = {S\'{a}nchez, Jorge and Perronnin, Florent and Mensink, Thomas and Verbeek, Jakob},
 title = {Image Classification with the Fisher Vector: Theory and Practice},
 journal = {Int. J. Comput. Vision},
 issue_date = {December  2013},
 volume = {105},
 number = {3},
 month = dec,
 year = {2013},
 issn = {0920-5691},
 pages = {222--245},
 numpages = {24},
 url = {http://dx.doi.org/10.1007/s11263-013-0636-x},
 doi = {10.1007/s11263-013-0636-x},
 acmid = {2590173},
 publisher = {Kluwer Academic Publishers},
 address = {Hingham, MA, USA},
 keywords = {Bag-of-Visual words, Fisher kernel, Fisher vector, Image classification, Large-scale classification, Product quantization},
} 


@inproceedings{chen2015hashing,
 author = {Chen, Wenlin and Wilson, James T. and Tyree, Stephen and Weinberger, Kilian Q. and Chen, Yixin},
 title = {Compressing Neural Networks with the Hashing Trick},
 booktitle = {Proceedings of the 32Nd International Conference on International Conference on Machine Learning - Volume 37},
 series = {ICML'15},
 year = {2015},
 location = {Lille, France},
 pages = {2285--2294},
 numpages = {10},
 url = {http://dl.acm.org/citation.cfm?id=3045118.3045361},
 acmid = {3045361},
 publisher = {JMLR.org},
} 

@inproceedings{Gupta:2015:DLL:3045118.3045303,
 author = {Gupta, Suyog and Agrawal, Ankur and Gopalakrishnan, Kailash and Narayanan, Pritish},
 title = {Deep Learning with Limited Numerical Precision},
 booktitle = {Proceedings of the 32Nd International Conference on International Conference on Machine Learning - Volume 37},
 series = {ICML'15},
 year = {2015},
 location = {Lille, France},
 pages = {1737--1746},
 numpages = {10},
 url = {http://dl.acm.org/citation.cfm?id=3045118.3045303},
 acmid = {3045303},
 publisher = {JMLR.org},
} 

@incollection{NIPS2013_5025,
title = {Predicting Parameters in Deep Learning},
author = {Denil, Misha and Shakibi, Babak and Dinh, Laurent and Ranzato, Marc\textquotesingle Aurelio and de Freitas, Nando},
booktitle = {Advances in Neural Information Processing Systems 26},
editor = {C. J. C. Burges and L. Bottou and M. Welling and Z. Ghahramani and K. Q. Weinberger},
pages = {2148--2156},
year = {2013},
publisher = {Curran Associates, Inc.},
url = {http://papers.nips.cc/paper/5025-predicting-parameters-in-deep-learning.pdf}
}

@inproceedings{44873,
title	= {Distilling the Knowledge in a Neural Network},
author	= {Geoffrey Hinton and Oriol Vinyals and Jeffrey Dean},
year	= {2015},
URL	= {http://arxiv.org/abs/1503.02531},
booktitle	= {NIPS Deep Learning and Representation Learning Workshop}
}

@incollection{NIPS2017_6813,
title = {Runtime Neural Pruning},
author = {Lin, Ji and Rao, Yongming and Lu, Jiwen and Zhou, Jie},
booktitle = {Advances in Neural Information Processing Systems 30},
editor = {I. Guyon and U. V. Luxburg and S. Bengio and H. Wallach and R. Fergus and S. Vishwanathan and R. Garnett},
pages = {2181--2191},
year = {2017},
publisher = {Curran Associates, Inc.},
url = {http://papers.nips.cc/paper/6813-runtime-neural-pruning.pdf}
}

@article{Howard2017MobileNetsEC,
  title={MobileNets: Efficient Convolutional Neural Networks for Mobile Vision Applications},
  author={Andrew G. Howard and Menglong Zhu and Bo Chen and Dmitry Kalenichenko and Weijun Wang and Tobias Weyand and Marco Andreetto and Hartwig Adam},
  journal={CoRR},
  year={2017},
  volume={abs/1704.04861}
}

@inproceedings{dong2017more,
  title     = {More is Less: A More Complicated Network with Less Inference Complexity},
  author    = {Dong, Xuanyi and Huang, Junshi and Yang, Yi and Yan, Shuicheng},
  booktitle = {Proceedings of the IEEE Conference on Computer Vision and Pattern Recognition (CVPR)},
  pages     = {5840--5848},
  doi       = {10.1109/CVPR.2017.205},
  year      = {2017}
}

@article{DBLP:journals/corr/IandolaMAHDK16,
  author    = {Forrest N. Iandola and
               Matthew W. Moskewicz and
               Khalid Ashraf and
               Song Han and
               William J. Dally and
               Kurt Keutzer},
  title     = {SqueezeNet: AlexNet-level accuracy with 50x fewer parameters and {\textless}1MB
               model size},
  journal   = {CoRR},
  volume    = {abs/1602.07360},
  year      = {2016}
}

@inproceedings{courbariaux2015binaryconnect,
 author = {Courbariaux, Matthieu and Bengio, Yoshua and David, Jean-Pierre},
 title = {BinaryConnect: Training Deep Neural Networks with Binary Weights During Propagations},
 booktitle = {Proceedings of the 28th International Conference on Neural Information Processing Systems - Volume 2},
 series = {NIPS'15},
 year = {2015},
 location = {Montreal, Canada},
 pages = {3123--3131},
 numpages = {9},
 url = {http://dl.acm.org/citation.cfm?id=2969442.2969588},
 acmid = {2969588},
 publisher = {MIT Press},
 address = {Cambridge, MA, USA},
}

@article{han2015deep_compression,
  title={Deep Compression: Compressing Deep Neural Networks with Pruning, Trained Quantization and Huffman Coding},
  author={Han, Song and Mao, Huizi and Dally, William J},
  journal={International Conference on Learning Representations (ICLR)},
  year={2016}
}

@article{MellempudiKM0KD17,
  author    = {Naveen Mellempudi and
               Abhisek Kundu and
               Dheevatsa Mudigere and
               Dipankar Das and
               Bharat Kaul and
               Pradeep Dubey},
  title     = {Ternary Neural Networks with Fine-Grained Quantization},
  journal   = {CoRR},
  volume    = {abs/1705.01462},
  year      = {2017}
}

@inproceedings{rastegariECCV16,
    Author = {Mohammad Rastegari and Vicente Ordonez and Joseph Redmon and Ali Farhadi},
    Title = {XNOR-Net: ImageNet Classification Using Binary Convolutional Neural Networks},
    Booktitle = {ECCV},
    Year = {2016}
}

@article{Jaderberg2014SpeedingUC,
  title={Speeding up Convolutional Neural Networks with Low Rank Expansions},
  author={Max Jaderberg and Andrea Vedaldi and Andrew Zisserman},
  journal={CoRR},
  year={2014},
  volume={abs/1405.3866}
}

@article{Zhang:2016:AVD:3026801.3026837,
 author = {Zhang, Xiangyu and Zou, Jianhua and He, Kaiming and Sun, Jian},
 title = {Accelerating Very Deep Convolutional Networks for Classification and Detection},
 journal = {IEEE Trans. Pattern Anal. Mach. Intell.},
 issue_date = {October 2016},
 volume = {38},
 number = {10},
 month = oct,
 year = {2016},
 issn = {0162-8828},
 pages = {1943--1955},
 numpages = {13},
 url = {https://doi.org/10.1109/TPAMI.2015.2502579},
 doi = {10.1109/TPAMI.2015.2502579},
 acmid = {3026837},
 publisher = {IEEE Computer Society},
 address = {Washington, DC, USA},
} 

@INPROCEEDINGS{8099498, 
author={X. Yu and T. Liu and X. Wang and D. Tao}, 
booktitle={2017 IEEE Conference on Computer Vision and Pattern Recognition (CVPR)}, 
title={On Compressing Deep Models by Low Rank and Sparse Decomposition}, 
year={2017}, 
volume={}, 
number={}, 
pages={67-76}, 
keywords={convolution;data compression;image coding;image reconstruction;learning (artificial intelligence);matrix algebra;SVD-free algorithm;compression method;deep compression;deep learning models;deep models;fast SVD-free algorithm;feature map reconstructions;feature maps;higher compression rates;low compression rates;low rank decomposition;pruning connections;sparse decomposition;weight filters;weight matrices;Computational modeling;Data models;Image reconstruction;Matrix decomposition;Neurons;Redundancy;Sparse matrices}, 
doi={10.1109/CVPR.2017.15}, 
ISSN={1063-6919}, 
month={July},}

@inproceedings{Han:2015:LBW:2969239.2969366,
 author = {Han, Song and Pool, Jeff and Tran, John and Dally, William J.},
 title = {Learning Both Weights and Connections for Efficient Neural Networks},
 booktitle = {Proceedings of the 28th International Conference on Neural Information Processing Systems - Volume 1},
 series = {NIPS'15},
 year = {2015},
 location = {Montreal, Canada},
 pages = {1135--1143},
 numpages = {9},
 url = {http://dl.acm.org/citation.cfm?id=2969239.2969366},
 acmid = {2969366},
 publisher = {MIT Press},
 address = {Cambridge, MA, USA},
} 


@inproceedings{guo2016dynamic,		
  title = {Dynamic Network Surgery for Efficient DNNs},
  author = {Guo, Yiwen and Yao, Anbang and Chen, Yurong},
  booktitle = {Advances in neural information processing systems (NIPS)},
  year = {2016}
} 


@ARTICLE{8259424, 
author={J. Dean and D. Patterson and C. Young}, 
journal={IEEE Micro}, 
title={A New Golden Age in Computer Architecture: Empowering the Machine-Learning Revolution}, 
year={2018}, 
volume={38}, 
number={2}, 
pages={21-29}, 
keywords={computer architecture;general purpose computers;learning (artificial intelligence);linear algebra;power aware computing;Dennard scaling;Googles Tensor Processing Unit;ML computing;computing systems;domain-specific architectures;general-purpose program performance;low-precision linear algebra;machine learning;Computer architecture;Frequency modulation;IP networks;Machine learning;Object recognition;Training data;hardware;machine learning;microarchitecture}, 
doi={10.1109/MM.2018.112130030}, 
ISSN={0272-1732}, 
month={Mar},}


@InProceedings{pmlr-v80-dai18d,
  title = 	 {Compressing Neural Networks using the Variational Information Bottleneck},
  author = 	 {Dai, Bin and Zhu, Chen and Guo, Baining and Wipf, David},
  booktitle = 	 {Proceedings of the 35th International Conference on Machine Learning},
  pages = 	 {1143--1152},
  year = 	 {2018},
  editor = 	 {Dy, Jennifer and Krause, Andreas},
  volume = 	 {80},
  series = 	 {Proceedings of Machine Learning Research},
  address = 	 {Stockholmsmässan, Stockholm Sweden},
  month = 	 {10--15 Jul},
  publisher = 	 {PMLR},
  pdf = 	 {http://proceedings.mlr.press/v80/dai18d/dai18d.pdf},
  url = 	 {http://proceedings.mlr.press/v80/dai18d.html},
}

@article{doi:10.1002/rsa.20360,
author = {Hinrichs Aicke and Vybíral Jan},
title = {Johnson-Lindenstrauss lemma for circulant matrices**},
journal = {Random Structures \& Algorithms},
volume = {39},
number = {3},
pages = {391-398},
keywords = {Johnson-Lindenstrauss lemma, circulant matrices, decoupling lemma},
doi = {10.1002/rsa.20360},
url = {https://onlinelibrary.wiley.com/doi/abs/10.1002/rsa.20360},
eprint = {https://onlinelibrary.wiley.com/doi/pdf/10.1002/rsa.20360},
abstract = {Abstract We prove a variant of a Johnson-Lindenstrauss lemma for matrices with circulant structure. This approach allows to minimize the randomness used, is easy to implement and provides good running times. The price to be paid is the higher dimension of the target space k = O(ε−2 log3 n) instead of the classical bound k = O(ε−2 log n). © 2011 Wiley Periodicals, Inc. Random Struct. Alg., 2011}
}

@inproceedings{karpathy2014large,
  title={Large-scale video classification with convolutional neural networks},
  author={Karpathy, Andrej and Toderici, George and Shetty, Sanketh and Leung, Thomas and Sukthankar, Rahul and Fei-Fei, Li},
  booktitle={Proceedings of the IEEE conference on Computer Vision and Pattern Recognition},
  pages={1725--1732},
  year={2014}
}

@inproceedings{yue2015beyond,
  title={Beyond short snippets: Deep networks for video classification},
  author={Yue-Hei Ng, Joe and Hausknecht, Matthew and Vijayanarasimhan, Sudheendra and Vinyals, Oriol and Monga, Rajat and Toderici, George},
  booktitle={Proceedings of the IEEE conference on computer vision and pattern recognition},
  pages={4694--4702},
  year={2015}
}


@INPROCEEDINGS{716791, 
author={M. I. Jordan and R. A. Jacobs}, 
booktitle={Proceedings of 1993 International Conference on Neural Networks (IJCNN-93-Nagoya, Japan)}, 
title={Hierarchical mixtures of experts and the EM algorithm}, 
year={1993}, 
volume={2}, 
number={}, 
pages={1339-1344 vol.2}, 
keywords={learning (artificial intelligence);neural net architecture;maximum likelihood estimation;hierarchical mixture model;experts;expectation-maximization algorithm;tree-structured architecture;supervised learning;statistical model;generalized linear models;maximum likelihood problem;robot dynamics;neural nets;Machine learning algorithms;Surface fitting;Vectors;Supervised learning;Mars;Orbital robotics;Biological neural networks;Jacobian matrices;Psychology;Partitioning algorithms}, 
doi={10.1109/IJCNN.1993.716791}, 
ISSN={}, 
month={Oct},}


@article{schmid2000decomposing,
  title={Decomposing a matrix into circulant and diagonal factors},
  author={Schmid, Michael and Steinwandt, Rainer and M{\"u}ller-Quade, J{\"o}rn and R{\"o}tteler, Martin and Beth, Thomas},
  journal={Linear Algebra and its Applications},
  volume={306},
  number={1-3},
  pages={131--143},
  year={2000},
  publisher={Elsevier}
}
@article{ailon2009fast,
  title={The fast Johnson--Lindenstrauss transform and approximate nearest neighbors},
  author={Ailon, Nir and Chazelle, Bernard},
  journal={SIAM Journal on computing},
  volume={39},
  number={1},
  pages={302--322},
  year={2009},
  publisher={SIAM}
}
@article{muller1998algorithmic,
  title={Algorithmic design of diffractive optical systems for information processing},
  author={M{\"u}ller-Quade, J{\"o}rn and Aagedal, Harald and Beth, Th and Schmid, Michael},
  journal={Physica D: Nonlinear Phenomena},
  volume={120},
  number={1-2},
  pages={196--205},
  year={1998},
  publisher={Elsevier}
}

@article{hinrichs2011johnson,
  title={Johnson-Lindenstrauss lemma for circulant matrices},
  author={Hinrichs, Aicke and Vyb{\'\i}ral, Jan},
  journal={Random Structures \& Algorithms},
  volume={39},
  number={3},
  pages={391--398},
  year={2011},
  publisher={Wiley Online Library}
}

@misc{tensorflow2015-whitepaper,
title={ {TensorFlow}: Large-Scale Machine Learning on Heterogeneous Systems},
url={https://www.tensorflow.org/},
note={Software available from tensorflow.org},
author={
    Mart\'{\i}n~Abadi and
    Ashish~Agarwal and
    Paul~Barham and
    Eugene~Brevdo and
    Zhifeng~Chen and
    Craig~Citro and
    Greg~S.~Corrado and
    Andy~Davis and
    Jeffrey~Dean and
    Matthieu~Devin and
    Sanjay~Ghemawat and
    Ian~Goodfellow and
    Andrew~Harp and
    Geoffrey~Irving and
    Michael~Isard and
    Yangqing Jia and
    Rafal~Jozefowicz and
    Lukasz~Kaiser and
    Manjunath~Kudlur and
    Josh~Levenberg and
    Dandelion~Man\'{e} and
    Rajat~Monga and
    Sherry~Moore and
    Derek~Murray and
    Chris~Olah and
    Mike~Schuster and
    Jonathon~Shlens and
    Benoit~Steiner and
    Ilya~Sutskever and
    Kunal~Talwar and
    Paul~Tucker and
    Vincent~Vanhoucke and
    Vijay~Vasudevan and
    Fernanda~Vi\'{e}gas and
    Oriol~Vinyals and
    Pete~Warden and
    Martin~Wattenberg and
    Martin~Wicke and
    Yuan~Yu and
    Xiaoqiang~Zheng},
  year={2015},
}

@article{skalic2017deep,
  title={Deep learning methods for efficient large scale video labeling},
  author={Skalic, Miha and Pekalski, Marcin and Pan, Xingguo E},
  journal={arXiv preprint arXiv:1706.04572},
  year={2017}
}

@inproceedings{jegou:inria-00548637,
  TITLE = {{Aggregating local descriptors into a compact image representation}},
  AUTHOR = {J{\'e}gou, Herv{\'e} and Douze, Matthijs and Schmid, Cordelia and P{\'e}rez, Patrick},
  URL = {https://hal.inria.fr/inria-00548637},
  BOOKTITLE = {{CVPR 2010 - 23rd IEEE Conference on Computer Vision \& Pattern Recognition}},
  ADDRESS = {San Francisco, United States},
  PUBLISHER = {{IEEE Computer Society}},
  PAGES = {3304-3311},
  YEAR = {2010},
  MONTH = Jun,
  DOI = {10.1109/CVPR.2010.5540039},
  KEYWORDS = {image representation ; image retrieval ; pattern clustering},
  PDF = {https://hal.inria.fr/inria-00548637/file/jegou_compactimagerepresentation.pdf},
  HAL_ID = {inria-00548637},
  HAL_VERSION = {v1},
}

@INPROCEEDINGS{4270291, 
author={F. Perronnin and C. Dance}, 
booktitle={2007 IEEE Conference on Computer Vision and Pattern Recognition}, 
title={Fisher Kernels on Visual Vocabularies for Image Categorization}, 
year={2007}, 
volume={}, 
number={}, 
pages={1-8}, 
keywords={Gaussian processes;gradient methods;image classification;Fisher kernels;visual vocabularies;image categorization;pattern classification;gradient vector;generative probability model;Gaussian mixture model;Kernel;Vocabulary;Image databases;Spatial databases;Signal generators;Visual databases;Pattern classification;Power generation;Character generation;Feeds}, 
doi={10.1109/CVPR.2007.383266}, 
ISSN={1063-6919}, 
month={June},}

@article{Collins2014MemoryBD,
  title={Memory Bounded Deep Convolutional Networks},
  author={Maxwell D. Collins and Pushmeet Kohli},
  journal={CoRR},
  year={2014},
  volume={abs/1412.1442}
}

@INPROCEEDINGS{7298681, 
author={Baoyuan Liu and Min Wang and H. Foroosh and M. Tappen and M. Penksy}, 
booktitle={2015 IEEE Conference on Computer Vision and Pattern Recognition (CVPR)}, 
title={Sparse Convolutional Neural Networks}, 
year={2015}, 
volume={}, 
number={}, 
pages={806-814}, 
keywords={matrix decomposition;matrix multiplication;neural nets;object detection;sparse decomposition;sparse matrix multiplication algorithm;sparse convolutional neural networks;SCNN model;object detection problem;cascade model;sparse fully connected layers;Sparse matrices;Kernel;Matrix decomposition;Neural networks;Accuracy;Redundancy;Convolutional codes}, 
doi={10.1109/CVPR.2015.7298681}, 
ISSN={1063-6919}, 
month={June},}


@inproceedings{he2016deep,
  title={Deep residual learning for image recognition},
  author={He, Kaiming and Zhang, Xiangyu and Ren, Shaoqing and Sun, Jian},
  booktitle={Proceedings of the IEEE conference on computer vision and pattern recognition},
  pages={770--778},
  year={2016}
}

@article{brown2020language,
  title={Language models are few-shot learners},
  author={Brown, Tom B and Mann, Benjamin and Ryder, Nick and Subbiah, Melanie and Kaplan, Jared and Dhariwal, Prafulla and Neelakantan, Arvind and Shyam, Pranav and Sastry, Girish and Askell, Amanda and others},
  journal={arXiv preprint arXiv:2005.14165},
  year={2020}
}

@article{lecun1998gradient,
  title={Gradient-based learning applied to document recognition},
  author={LeCun, Yann and Bottou, Leon and Bengio, Yoshua and Haffner, Patrick},
  journal={Proceedings of the IEEE},
  volume={86},
  number={11},
  pages={2278--2324},
  year={1998},
  publisher={Ieee}
}

@inproceedings{Szegedy2013IntriguingPO,
  title	= {Intriguing properties of neural networks},
  author	= {Christian Szegedy and Wojciech Zaremba and Ilya Sutskever and Joan Bruna and Dumitru Erhan and Ian Goodfellow and Rob Fergus},
  year	= {2014},
  booktitle	= {International Conference on Learning Representations}
}

@inproceedings{carlini2017towards,
  title={Towards evaluating the robustness of neural networks},
  author={Carlini, Nicholas and Wagner, David},
  booktitle={2017 IEEE Symposium on Security and Privacy (SP)},
  pages={39--57},
  year={2017},
  organization={IEEE}
}

@inproceedings{madry2018towards,
  title={Towards Deep Learning Models Resistant to Adversarial Attacks},
  author={Aleksander Madry and Aleksandar Makelov and Ludwig Schmidt and Dimitris Tsipras and Adrian Vladu},
  booktitle={International Conference on Learning Representations},
  year={2018},
}

@inproceedings{goodfellow2014explaining,
title	= {Explaining and Harnessing Adversarial Examples},
author	= {Ian Goodfellow and Jonathon Shlens and Christian Szegedy},
year	= {2015},
booktitle	= {International Conference on Learning Representations}
}

@article{pfister2018bounding,
  title={Bounding multivariate trigonometric polynomials with applications to filter bank design},
  author={Pfister, Luke and Bresler, Yoram},
  journal={arXiv preprint arXiv:1802.09588},
  year={2018}
}

@incollection{scaman2018lipschitz,
title = {Lipschitz regularity of deep neural networks: analysis and efficient estimation},
author = {Virmaux, Aladin and Scaman, Kevin},
booktitle = {Advances in Neural Information Processing Systems 31},
editor = {S. Bengio and H. Wallach and H. Larochelle and K. Grauman and N. Cesa-Bianchi and R. Garnett},
pages = {3835--3844},
year = {2018},
publisher = {Curran Associates, Inc.},
}

@incollection{NIPS2019_9319,
title = {Efficient and Accurate Estimation of Lipschitz Constants for Deep Neural Networks},
author = {Fazlyab, Mahyar and Robey, Alexander and Hassani, Hamed and Morari, Manfred and Pappas, George},
booktitle = {Advances in Neural Information Processing Systems 32},
editor = {H. Wallach and H. Larochelle and A. Beygelzimer and F. d Alch\'{e}-Buc and E. Fox and R. Garnett},
pages = {11423--11434},
year = {2019},
publisher = {Curran Associates, Inc.},
}

@inproceedings{latorre2020lipschitz,
  title={Lipschitz constant estimation for Neural Networks via sparse polynomial optimization},
  author={Fabian Latorre and Paul Rolland and Volkan Cevher},
  booktitle={International Conference on Learning Representations},
  year={2020},
}

@inproceedings{farnia2018generalizable,
title={Generalizable Adversarial Training via Spectral Normalization},
author={Farzan Farnia and Jesse Zhang and David Tse},
booktitle={International Conference on Learning Representations},
year={2019},
}

@article{gray2006toeplitz,
  title={Toeplitz and circulant matrices: A review},
  author={Gray, Robert M and others},
  journal={Foundations and Trends{\textregistered} in Communications and Information Theory},
  volume={2},
  number={3},
  pages={155--239},
  year={2006},
  publisher={Now Publishers, Inc.}
}

@article{gutierrez2012block,
  title={Block Toeplitz matrices: Asymptotic results and applications},
  author={Guti{\'e}rrez-Guti{\'e}rrez, Jes{\'u}s and Crespo, Pedro M and others},
  journal={Foundations and Trends{\textregistered} in Communications and Information Theory},
  volume={8},
  number={3},
  pages={179--257},
  year={2012},
  publisher={Now Publishers, Inc.}
}

@article{miech2017youtube,
  author    = {Antoine Miech and
               Ivan Laptev and
               Josef Sivic},
  title     = {Learnable pooling with Context Gating for video classification},
  journal   = {CoRR},
  volume    = {abs/1706.06905},
  year      = {2017}
}
